Time,Price,Size,TradeVolume
09:30:00,99.70,-261,0
09:30:00,99.71,-253,0
09:30:00,99.72,-258,0
09:30:00,99.73,-234,0
09:30:00,99.74,-256,0
09:30:00,99.75,-234,0
09:30:00,99.76,-225,0
09:30:00,99.77,-218,0
09:30:00,99.78,-253,0
09:30:00,99.79,-233,0
09:30:00,99.80,-249,0
09:30:00,99.81,-249,0
09:30:00,99.82,-252,0
09:30:00,99.83,-208,0
09:30:00,99.84,-256,0
09:30:00,99.85,-957,0
09:30:00,99.86,-195,0
09:30:00,99.87,-211,0
09:30:00,99.88,-185,0
09:30:00,99.89,-225,0
09:30:00,99.90,-193,0
09:30:00,99.91,-176,0
09:30:00,99.92,-180,0
09:30:00,99.93,-177,0
09:30:00,99.94,-191,0
09:30:00,99.95,-131,0
09:30:00,99.96,-97,0
09:30:00,99.97,-82,0
09:30:00,99.98,-80,0
09:30:00,99.99,-52,87
09:30:00,100.00,0,0
09:30:00,100.01,24,0
09:30:00,100.02,61,0
09:30:00,100.03,125,0
09:30:00,100.04,159,0
09:30:00,100.05,99,0
09:30:00,100.06,148,0
09:30:00,100.07,147,0
09:30:00,100.08,165,0
09:30:00,100.09,158,0
09:30:00,100.10,184,0
09:30:00,100.11,191,0
09:30:00,100.12,195,0
09:30:00,100.13,230,0
09:30:00,100.14,222,0
09:30:00,100.15,227,0
09:30:00,100.16,972,0
09:30:00,100.17,239,0
09:30:00,100.18,212,0
09:30:00,100.19,233,0
09:30:00,100.20,232,0
09:30:00,100.21,230,0
09:30:00,100.22,206,0
09:30:00,100.23,247,0
09:30:00,100.24,261,0
09:30:00,100.25,277,0
09:30:00,100.26,235,0
09:30:00,100.27,225,0
09:30:00,100.28,244,0
09:30:00,100.29,247,0
09:30:00,100.30,250,0
09:30:02,99.70,-221,0
09:30:02,99.71,-258,0
09:30:02,99.72,-262,0
09:30:02,99.73,-245,0
09:30:02,99.74,-264,0
09:30:02,99.75,-236,0
09:30:02,99.76,-212,0
09:30:02,99.77,-219,0
09:30:02,99.78,-209,0
09:30:02,99.79,-216,0
09:30:02,99.80,-262,0
09:30:02,99.81,-223,0
09:30:02,99.82,-255,0
09:30:02,99.83,-224,0
09:30:02,99.84,-230,0
09:30:02,99.85,-898,0
09:30:02,99.86,-218,0
09:30:02,99.87,-200,0
09:30:02,99.88,-212,0
09:30:02,99.89,-180,0
09:30:02,99.90,-210,0
09:30:02,99.91,-191,0
09:30:02,99.92,-187,0
09:30:02,99.93,-175,0
09:30:02,99.94,-152,0
09:30:02,99.95,-120,0
09:30:02,99.96,-108,0
09:30:02,99.97,-108,0
09:30:02,99.98,-45,0
09:30:02,99.99,-25,0
09:30:02,100.00,0,0
09:30:02,100.01,58,0
09:30:02,100.02,90,0
09:30:02,100.03,95,0
09:30:02,100.04,138,0
09:30:02,100.05,126,0
09:30:02,100.06,156,0
09:30:02,100.07,162,0
09:30:02,100.08,167,0
09:30:02,100.09,172,0
09:30:02,100.10,184,0
09:30:02,100.11,192,0
09:30:02,100.12,168,0
09:30:02,100.13,232,0
09:30:02,100.14,206,0
09:30:02,100.15,205,0
09:30:02,100.16,1024,0
09:30:02,100.17,239,0
09:30:02,100.18,233,0
09:30:02,100.19,223,0
09:30:02,100.20,235,0
09:30:02,100.21,203,0
09:30:02,100.22,249,0
09:30:02,100.23,253,0
09:30:02,100.24,256,0
09:30:02,100.25,251,0
09:30:02,100.26,208,0
09:30:02,100.27,201,0
09:30:02,100.28,256,0
09:30:02,100.29,232,0
09:30:02,100.30,252,0
09:30:04,99.70,-230,0
09:30:04,99.71,-257,0
09:30:04,99.72,-250,0
09:30:04,99.73,-226,0
09:30:04,99.74,-245,0
09:30:04,99.75,-242,0
09:30:04,99.76,-255,0
09:30:04,99.77,-263,0
09:30:04,99.78,-250,0
09:30:04,99.79,-212,0
09:30:04,99.80,-239,0
09:30:04,99.81,-220,0
09:30:04,99.82,-264,0
09:30:04,99.83,-216,0
09:30:04,99.84,-206,0
09:30:04,99.85,-863,0
09:30:04,99.86,-211,0
09:30:04,99.87,-180,0
09:30:04,99.88,-209,0
09:30:04,99.89,-207,0
09:30:04,99.90,-159,0
09:30:04,99.91,-158,0
09:30:04,99.92,-204,0
09:30:04,99.93,-164,0
09:30:04,99.94,-118,0
09:30:04,99.95,-115,0
09:30:04,99.96,-100,0
09:30:04,99.97,-45,0
09:30:04,99.98,-25,0
09:30:04,99.99,0,0
09:30:04,100.00,41,0
09:30:04,100.01,58,0
09:30:04,100.02,135,0
09:30:04,100.03,114,0
09:30:04,100.04,128,0
09:30:04,100.05,148,0
09:30:04,100.06,191,0
09:30:04,100.07,164,0
09:30:04,100.08,191,0
09:30:04,100.09,197,0
09:30:04,100.10,183,0
09:30:04,100.11,201,0
09:30:04,100.12,198,0
09:30:04,100.13,188,0
09:30:04,100.14,196,0
09:30:04,100.15,192,0
09:30:04,100.16,879,0
09:30:04,100.17,265,0
09:30:04,100.18,224,0
09:30:04,100.19,234,0
09:30:04,100.20,247,0
09:30:04,100.21,238,0
09:30:04,100.22,225,0
09:30:04,100.23,230,0
09:30:04,100.24,228,0
09:30:04,100.25,200,0
09:30:04,100.26,246,0
09:30:04,100.27,251,0
09:30:04,100.28,260,0
09:30:04,100.29,196,0
09:30:04,100.30,245,0
09:30:06,99.70,-234,0
09:30:06,99.71,-261,0
09:30:06,99.72,-224,0
09:30:06,99.73,-229,0
09:30:06,99.74,-190,0
09:30:06,99.75,-253,0
09:30:06,99.76,-222,0
09:30:06,99.77,-234,0
09:30:06,99.78,-198,0
09:30:06,99.79,-205,0
09:30:06,99.80,-214,0
09:30:06,99.81,-217,0
09:30:06,99.82,-202,0
09:30:06,99.83,-197,0
09:30:06,99.84,-247,0
09:30:06,99.85,-886,0
09:30:06,99.86,-201,0
09:30:06,99.87,-164,0
09:30:06,99.88,-170,0
09:30:06,99.89,-202,0
09:30:06,99.90,-167,0
09:30:06,99.91,-166,0
09:30:06,99.92,-155,0
09:30:06,99.93,-189,0
09:30:06,99.94,-128,0
09:30:06,99.95,-140,0
09:30:06,99.96,-75,0
09:30:06,99.97,-66,0
09:30:06,99.98,-30,0
09:30:06,99.99,0,0
09:30:06,100.00,59,0
09:30:06,100.01,67,0
09:30:06,100.02,94,0
09:30:06,100.03,85,0
09:30:06,100.04,116,0
09:30:06,100.05,125,0
09:30:06,100.06,175,0
09:30:06,100.07,147,0
09:30:06,100.08,157,0
09:30:06,100.09,212,0
09:30:06,100.10,213,0
09:30:06,100.11,230,0
09:30:06,100.12,197,0
09:30:06,100.13,234,0
09:30:06,100.14,222,0
09:30:06,100.15,215,0
09:30:06,100.16,907,0
09:30:06,100.17,204,0
09:30:06,100.18,228,0
09:30:06,100.19,221,0
09:30:06,100.20,232,0
09:30:06,100.21,233,0
09:30:06,100.22,243,0
09:30:06,100.23,216,0
09:30:06,100.24,221,0
09:30:06,100.25,262,0
09:30:06,100.26,237,0
09:30:06,100.27,240,0
09:30:06,100.28,223,0
09:30:06,100.29,242,0
09:30:06,100.30,224,0
09:30:08,99.70,-232,0
09:30:08,99.71,-237,0
09:30:08,99.72,-251,0
09:30:08,99.73,-242,0
09:30:08,99.74,-233,0
09:30:08,99.75,-233,0
09:30:08,99.76,-228,0
09:30:08,99.77,-218,0
09:30:08,99.78,-240,0
09:30:08,99.79,-232,0
09:30:08,99.80,-214,0
09:30:08,99.81,-231,0
09:30:08,99.82,-207,0
09:30:08,99.83,-210,0
09:30:08,99.84,-203,0
09:30:08,99.85,-892,0
09:30:08,99.86,-243,0
09:30:08,99.87,-200,0
09:30:08,99.88,-199,0
09:30:08,99.89,-165,0
09:30:08,99.90,-222,0
09:30:08,99.91,-159,0
09:30:08,99.92,-125,0
09:30:08,99.93,-133,0
09:30:08,99.94,-119,0
09:30:08,99.95,-133,0
09:30:08,99.96,-109,0
09:30:08,99.97,-63,0
09:30:08,99.98,-54,0
09:30:08,99.99,0,0
09:30:08,100.00,20,0
09:30:08,100.01,86,0
09:30:08,100.02,84,0
09:30:08,100.03,145,0
09:30:08,100.04,129,0
09:30:08,100.05,179,0
09:30:08,100.06,190,0
09:30:08,100.07,184,0
09:30:08,100.08,157,0
09:30:08,100.09,189,0
09:30:08,100.10,184,0
09:30:08,100.11,219,0
09:30:08,100.12,205,0
09:30:08,100.13,210,0
09:30:08,100.14,234,0
09:30:08,100.15,231,0
09:30:08,100.16,885,0
09:30:08,100.17,193,0
09:30:08,100.18,241,0
09:30:08,100.19,254,0
09:30:08,100.20,252,0
09:30:08,100.21,231,0
09:30:08,100.22,230,0
09:30:08,100.23,229,0
09:30:08,100.24,224,0
09:30:08,100.25,258,0
09:30:08,100.26,244,0
09:30:08,100.27,239,0
09:30:08,100.28,255,0
09:30:08,100.29,262,0
09:30:08,100.30,258,0
09:30:10,99.70,-220,0
09:30:10,99.71,-227,0
09:30:10,99.72,-223,0
09:30:10,99.73,-240,0
09:30:10,99.74,-258,0
09:30:10,99.75,-235,0
09:30:10,99.76,-216,0
09:30:10,99.77,-227,0
09:30:10,99.78,-225,0
09:30:10,99.79,-234,0
09:30:10,99.80,-229,0
09:30:10,99.81,-215,0
09:30:10,99.82,-195,0
09:30:10,99.83,-211,0
09:30:10,99.84,-187,0
09:30:10,99.85,-975,0
09:30:10,99.86,-206,0
09:30:10,99.87,-200,0
09:30:10,99.88,-234,0
09:30:10,99.89,-158,0
09:30:10,99.90,-190,0
09:30:10,99.91,-139,0
09:30:10,99.92,-172,0
09:30:10,99.93,-136,0
09:30:10,99.94,-145,0
09:30:10,99.95,-117,0
09:30:10,99.96,-88,0
09:30:10,99.97,-71,0
09:30:10,99.98,-79,0
09:30:10,99.99,0,0
09:30:10,100.00,10,160
09:30:10,100.01,61,0
09:30:10,100.02,73,0
09:30:10,100.03,83,0
09:30:10,100.04,136,0
09:30:10,100.05,168,0
09:30:10,100.06,153,0
09:30:10,100.07,153,0
09:30:10,100.08,190,0
09:30:10,100.09,204,0
09:30:10,100.10,202,0
09:30:10,100.11,190,0
09:30:10,100.12,171,0
09:30:10,100.13,184,0
09:30:10,100.14,231,0
09:30:10,100.15,227,0
09:30:10,100.16,948,0
09:30:10,100.17,260,0
09:30:10,100.18,218,0
09:30:10,100.19,241,0
09:30:10,100.20,241,0
09:30:10,100.21,231,0
09:30:10,100.22,249,0
09:30:10,100.23,239,0
09:30:10,100.24,235,0
09:30:10,100.25,227,0
09:30:10,100.26,241,0
09:30:10,100.27,247,0
09:30:10,100.28,232,0
09:30:10,100.29,238,0
09:30:10,100.30,236,0
09:30:12,99.70,-246,0
09:30:12,99.71,-256,0
09:30:12,99.72,-276,0
09:30:12,99.73,-259,0
09:30:12,99.74,-247,0
09:30:12,99.75,-249,0
09:30:12,99.76,-226,0
09:30:12,99.77,-233,0
09:30:12,99.78,-253,0
09:30:12,99.79,-213,0
09:30:12,99.80,-216,0
09:30:12,99.81,-208,0
09:30:12,99.82,-228,0
09:30:12,99.83,-219,0
09:30:12,99.84,-241,0
09:30:12,99.85,-959,0
09:30:12,99.86,-233,0
09:30:12,99.87,-209,0
09:30:12,99.88,-186,0
09:30:12,99.89,-179,0
09:30:12,99.90,-151,0
09:30:12,99.91,-185,0
09:30:12,99.92,-154,0
09:30:12,99.93,-152,0
09:30:12,99.94,-152,0
09:30:12,99.95,-121,0
09:30:12,99.96,-122,0
09:30:12,99.97,-74,0
09:30:12,99.98,-48,0
09:30:12,99.99,0,0
09:30:12,100.00,43,0
09:30:12,100.01,91,0
09:30:12,100.02,97,0
09:30:12,100.03,113,0
09:30:12,100.04,144,0
09:30:12,100.05,132,0
09:30:12,100.06,160,0
09:30:12,100.07,157,0
09:30:12,100.08,177,0
09:30:12,100.09,193,0
09:30:12,100.10,194,0
09:30:12,100.11,217,0
09:30:12,100.12,213,0
09:30:12,100.13,213,0
09:30:12,100.14,190,0
09:30:12,100.15,214,0
09:30:12,100.16,960,0
09:30:12,100.17,201,0
09:30:12,100.18,198,0
09:30:12,100.19,247,0
09:30:12,100.20,258,0
09:30:12,100.21,237,0
09:30:12,100.22,216,0
09:30:12,100.23,220,0
09:30:12,100.24,222,0
09:30:12,100.25,226,0
09:30:12,100.26,246,0
09:30:12,100.27,235,0
09:30:12,100.28,248,0
09:30:12,100.29,250,0
09:30:12,100.30,277,0
09:30:14,99.70,-241,0
09:30:14,99.71,-275,0
09:30:14,99.72,-280,0
09:30:14,99.73,-235,0
09:30:14,99.74,-214,0
09:30:14,99.75,-249,0
09:30:14,99.76,-228,0
09:30:14,99.77,-238,0
09:30:14,99.78,-244,0
09:30:14,99.79,-240,0
09:30:14,99.80,-184,0
09:30:14,99.81,-227,0
09:30:14,99.82,-207,0
09:30:14,99.83,-227,0
09:30:14,99.84,-226,0
09:30:14,99.85,-847,0
09:30:14,99.86,-200,0
09:30:14,99.87,-171,0
09:30:14,99.88,-183,0
09:30:14,99.89,-182,0
09:30:14,99.90,-170,0
09:30:14,99.91,-176,0
09:30:14,99.92,-178,0
09:30:14,99.93,-150,0
09:30:14,99.94,-104,0
09:30:14,99.95,-93,0
09:30:14,99.96,-110,0
09:30:14,99.97,-34,53
09:30:14,99.98,0,0
09:30:14,99.99,12,0
09:30:14,100.00,107,0
09:30:14,100.01,132,0
09:30:14,100.02,89,0
09:30:14,100.03,120,0
09:30:14,100.04,160,0
09:30:14,100.05,178,0
09:30:14,100.06,158,0
09:30:14,100.07,193,0
09:30:14,100.08,201,0
09:30:14,100.09,175,0
09:30:14,100.10,201,0
09:30:14,100.11,210,0
09:30:14,100.12,223,0
09:30:14,100.13,206,0
09:30:14,100.14,229,0
09:30:14,100.15,199,0
09:30:14,100.16,915,0
09:30:14,100.17,217,0
09:30:14,100.18,233,0
09:30:14,100.19,221,0
09:30:14,100.20,183,0
09:30:14,100.21,239,0
09:30:14,100.22,270,0
09:30:14,100.23,231,0
09:30:14,100.24,223,0
09:30:14,100.25,232,0
09:30:14,100.26,211,0
09:30:14,100.27,221,0
09:30:14,100.28,203,0
09:30:14,100.29,270,0
09:30:14,100.30,252,0
09:30:16,99.70,-290,0
09:30:16,99.71,-231,0
09:30:16,99.72,-236,0
09:30:16,99.73,-258,0
09:30:16,99.74,-209,0
09:30:16,99.75,-260,0
09:30:16,99.76,-220,0
09:30:16,99.77,-238,0
09:30:16,99.78,-271,0
09:30:16,99.79,-227,0
09:30:16,99.80,-228,0
09:30:16,99.81,-226,0
09:30:16,99.82,-240,0
09:30:16,99.83,-226,0
09:30:16,99.84,-256,0
09:30:16,99.85,-875,0
09:30:16,99.86,-207,0
09:30:16,99.87,-203,0
09:30:16,99.88,-196,0
09:30:16,99.89,-190,0
09:30:16,99.90,-154,0
09:30:16,99.91,-165,0
09:30:16,99.92,-163,0
09:30:16,99.93,-139,0
09:30:16,99.94,-116,0
09:30:16,99.95,-112,0
09:30:16,99.96,-97,0
09:30:16,99.97,-110,0
09:30:16,99.98,-52,0
09:30:16,99.99,0,0
09:30:16,100.00,21,205
09:30:16,100.01,72,0
09:30:16,100.02,130,0
09:30:16,100.03,79,0
09:30:16,100.04,150,0
09:30:16,100.05,137,0
09:30:16,100.06,149,0
09:30:16,100.07,149,0
09:30:16,100.08,208,0
09:30:16,100.09,199,0
09:30:16,100.10,218,0
09:30:16,100.11,213,0
09:30:16,100.12,207,0
09:30:16,100.13,209,0
09:30:16,100.14,254,0
09:30:16,100.15,234,0
09:30:16,100.16,1000,0
09:30:16,100.17,216,0
09:30:16,100.18,230,0
09:30:16,100.19,236,0
09:30:16,100.20,199,0
09:30:16,100.21,239,0
09:30:16,100.22,236,0
09:30:16,100.23,246,0
09:30:16,100.24,233,0
09:30:16,100.25,223,0
09:30:16,100.26,251,0
09:30:16,100.27,216,0
09:30:16,100.28,217,0
09:30:16,100.29,234,0
09:30:16,100.30,237,0
09:30:18,99.70,-257,0
09:30:18,99.71,-266,0
09:30:18,99.72,-218,0
09:30:18,99.73,-206,0
09:30:18,99.74,-247,0
09:30:18,99.75,-225,0
09:30:18,99.76,-229,0
09:30:18,99.77,-217,0
09:30:18,99.78,-212,0
09:30:18,99.79,-236,0
09:30:18,99.80,-223,0
09:30:18,99.81,-226,0
09:30:18,99.82,-225,0
09:30:18,99.83,-226,0
09:30:18,99.84,-214,0
09:30:18,99.85,-944,0
09:30:18,99.86,-171,0
09:30:18,99.87,-199,0
09:30:18,99.88,-221,0
09:30:18,99.89,-188,0
09:30:18,99.90,-188,0
09:30:18,99.91,-146,0
09:30:18,99.92,-156,0
09:30:18,99.93,-140,0
09:30:18,99.94,-156,0
09:30:18,99.95,-156,0
09:30:18,99.96,-113,0
09:30:18,99.97,-62,0
09:30:18,99.98,-6,0
09:30:18,99.99,0,0
09:30:18,100.00,18,0
09:30:18,100.01,64,0
09:30:18,100.02,78,0
09:30:18,100.03,87,0
09:30:18,100.04,168,0
09:30:18,100.05,160,0
09:30:18,100.06,129,0
09:30:18,100.07,160,0
09:30:18,100.08,183,0
09:30:18,100.09,173,0
09:30:18,100.10,213,0
09:30:18,100.11,229,0
09:30:18,100.12,199,0
09:30:18,100.13,208,0
09:30:18,100.14,213,0
09:30:18,100.15,190,0
09:30:18,100.16,1015,0
09:30:18,100.17,230,0
09:30:18,100.18,188,0
09:30:18,100.19,263,0
09:30:18,100.20,204,0
09:30:18,100.21,267,0
09:30:18,100.22,245,0
09:30:18,100.23,259,0
09:30:18,100.24,255,0
09:30:18,100.25,233,0
09:30:18,100.26,240,0
09:30:18,100.27,261,0
09:30:18,100.28,233,0
09:30:18,100.29,219,0
09:30:18,100.30,195,0
09:30:20,99.70,-228,0
09:30:20,99.71,-272,0
09:30:20,99.72,-208,0
09:30:20,99.73,-207,0
09:30:20,99.74,-258,0
09:30:20,99.75,-249,0
09:30:20,99.76,-248,0
09:30:20,99.77,-257,0
09:30:20,99.78,-244,0
09:30:20,99.79,-236,0
09:30:20,99.80,-226,0
09:30:20,99.81,-245,0
09:30:20,99.82,-229,0
09:30:20,99.83,-223,0
09:30:20,99.84,-217,0
09:30:20,99.85,-1042,0
09:30:20,99.86,-229,0
09:30:20,99.87,-225,0
09:30:20,99.88,-182,0
09:30:20,99.89,-201,0
09:30:20,99.90,-177,0
09:30:20,99.91,-194,0
09:30:20,99.92,-187,0
09:30:20,99.93,-172,0
09:30:20,99.94,-144,0
09:30:20,99.95,-119,0
09:30:20,99.96,-132,0
09:30:20,99.97,-90,0
09:30:20,99.98,-62,0
09:30:20,99.99,-53,0
09:30:20,100.00,0,0
09:30:20,100.01,51,0
09:30:20,100.02,77,0
09:30:20,100.03,112,0
09:30:20,100.04,90,0
09:30:20,100.05,89,0
09:30:20,100.06,165,0
09:30:20,100.07,162,0
09:30:20,100.08,177,0
09:30:20,100.09,187,0
09:30:20,100.10,185,0
09:30:20,100.11,198,0
09:30:20,100.12,203,0
09:30:20,100.13,195,0
09:30:20,100.14,236,0
09:30:20,100.15,198,0
09:30:20,100.16,839,0
09:30:20,100.17,183,0
09:30:20,100.18,251,0
09:30:20,100.19,258,0
09:30:20,100.20,240,0
09:30:20,100.21,234,0
09:30:20,100.22,232,0
09:30:20,100.23,226,0
09:30:20,100.24,224,0
09:30:20,100.25,225,0
09:30:20,100.26,259,0
09:30:20,100.27,236,0
09:30:20,100.28,259,0
09:30:20,100.29,271,0
09:30:20,100.30,248,0
09:30:22,99.70,-266,0
09:30:22,99.71,-255,0
09:30:22,99.72,-228,0
09:30:22,99.73,-219,0
09:30:22,99.74,-276,0
09:30:22,99.75,-243,0
09:30:22,99.76,-249,0
09:30:22,99.77,-248,0
09:30:22,99.78,-236,0
09:30:22,99.79,-253,0
09:30:22,99.80,-241,0
09:30:22,99.81,-234,0
09:30:22,99.82,-237,0
09:30:22,99.83,-221,0
09:30:22,99.84,-199,0
09:30:22,99.85,-901,0
09:30:22,99.86,-184,0
09:30:22,99.87,-185,0
09:30:22,99.88,-206,0
09:30:22,99.89,-200,0
09:30:22,99.90,-198,0
09:30:22,99.91,-161,0
09:30:22,99.92,-168,0
09:30:22,99.93,-178,0
09:30:22,99.94,-138,0
09:30:22,99.95,-139,0
09:30:22,99.96,-155,0
09:30:22,99.97,-79,0
09:30:22,99.98,-60,0
09:30:22,99.99,-30,0
09:30:22,100.00,0,0
09:30:22,100.01,62,0
09:30:22,100.02,57,0
09:30:22,100.03,108,0
09:30:22,100.04,113,0
09:30:22,100.05,118,0
09:30:22,100.06,138,0
09:30:22,100.07,155,0
09:30:22,100.08,177,0
09:30:22,100.09,172,0
09:30:22,100.10,204,0
09:30:22,100.11,217,0
09:30:22,100.12,229,0
09:30:22,100.13,223,0
09:30:22,100.14,239,0
09:30:22,100.15,183,0
09:30:22,100.16,814,0
09:30:22,100.17,240,0
09:30:22,100.18,240,0
09:30:22,100.19,223,0
09:30:22,100.20,250,0
09:30:22,100.21,232,0
09:30:22,100.22,220,0
09:30:22,100.23,224,0
09:30:22,100.24,257,0
09:30:22,100.25,231,0
09:30:22,100.26,207,0
09:30:22,100.27,214,0
09:30:22,100.28,247,0
09:30:22,100.29,253,0
09:30:22,100.30,261,0
09:30:24,99.70,-258,0
09:30:24,99.71,-237,0
09:30:24,99.72,-230,0
09:30:24,99.73,-227,0
09:30:24,99.74,-228,0
09:30:24,99.75,-248,0
09:30:24,99.76,-223,0
09:30:24,99.77,-282,0
09:30:24,99.78,-236,0
09:30:24,99.79,-236,0
09:30:24,99.80,-245,0
09:30:24,99.81,-257,0
09:30:24,99.82,-253,0
09:30:24,99.83,-221,0
09:30:24,99.84,-217,0
09:30:24,99.85,-874,0
09:30:24,99.86,-221,0
09:30:24,99.87,-207,0
09:30:24,99.88,-212,0
09:30:24,99.89,-190,0
09:30:24,99.90,-208,0
09:30:24,99.91,-178,0
09:30:24,99.92,-146,0
09:30:24,99.93,-166,0
09:30:24,99.94,-142,0
09:30:24,99.95,-96,0
09:30:24,99.96,-126,0
09:30:24,99.97,-96,0
09:30:24,99.98,-58,0
09:30:24,99.99,-44,40
09:30:24,100.00,0,0
09:30:24,100.01,44,0
09:30:24,100.02,64,0
09:30:24,100.03,91,0
09:30:24,100.04,133,0
09:30:24,100.05,182,0
09:30:24,100.06,146,0
09:30:24,100.07,160,0
09:30:24,100.08,149,0
09:30:24,100.09,182,0
09:30:24,100.10,169,0
09:30:24,100.11,188,0
09:30:24,100.12,192,0
09:30:24,100.13,177,0
09:30:24,100.14,218,0
09:30:24,100.15,232,0
09:30:24,100.16,986,0
09:30:24,100.17,243,0
09:30:24,100.18,212,0
09:30:24,100.19,191,0
09:30:24,100.20,258,0
09:30:24,100.21,217,0
09:30:24,100.22,233,0
09:30:24,100.23,219,0
09:30:24,100.24,238,0
09:30:24,100.25,211,0
09:30:24,100.26,240,0
09:30:24,100.27,242,0
09:30:24,100.28,221,0
09:30:24,100.29,255,0
09:30:24,100.30,232,0
09:30:26,99.70,-265,0
09:30:26,99.71,-205,0
09:30:26,99.72,-246,0
09:30:26,99.73,-216,0
09:30:26,99.74,-230,0
09:30:26,99.75,-275,0
09:30:26,99.76,-225,0
09:30:26,99.77,-186,0
09:30:26,99.78,-237,0
09:30:26,99.79,-247,0
09:30:26,99.80,-213,0
09:30:26,99.81,-218,0
09:30:26,99.82,-199,0
09:30:26,99.83,-223,0
09:30:26,99.84,-213,0
09:30:26,99.85,-972,0
09:30:26,99.86,-195,0
09:30:26,99.87,-206,0
09:30:26,99.88,-172,0
09:30:26,99.89,-189,0
09:30:26,99.90,-172,0
09:30:26,99.91,-171,0
09:30:26,99.92,-168,0
09:30:26,99.93,-172,0
09:30:26,99.94,-143,0
09:30:26,99.95,-131,0
09:30:26,99.96,-89,0
09:30:26,99.97,-57,0
09:30:26,99.98,-31,0
09:30:26,99.99,0,0
09:30:26,100.00,56,0
09:30:26,100.01,59,0
09:30:26,100.02,97,0
09:30:26,100.03,114,0
09:30:26,100.04,119,0
09:30:26,100.05,131,0
09:30:26,100.06,155,0
09:30:26,100.07,156,0
09:30:26,100.08,199,0
09:30:26,100.09,173,0
09:30:26,100.10,177,0
09:30:26,100.11,191,0
09:30:26,100.12,213,0
09:30:26,100.13,234,0
09:30:26,100.14,247,0
09:30:26,100.15,199,0
09:30:26,100.16,888,0
09:30:26,100.17,206,0
09:30:26,100.18,217,0
09:30:26,100.19,242,0
09:30:26,100.20,246,0
09:30:26,100.21,202,0
09:30:26,100.22,229,0
09:30:26,100.23,227,0
09:30:26,100.24,239,0
09:30:26,100.25,239,0
09:30:26,100.26,230,0
09:30:26,100.27,244,0
09:30:26,100.28,256,0
09:30:26,100.29,237,0
09:30:26,100.30,235,0
09:30:28,99.70,-254,0
09:30:28,99.71,-228,0
09:30:28,99.72,-238,0
09:30:28,99.73,-234,0
09:30:28,99.74,-280,0
09:30:28,99.75,-250,0
09:30:28,99.76,-273,0
09:30:28,99.77,-239,0
09:30:28,99.78,-211,0
09:30:28,99.79,-244,0
09:30:28,99.80,-213,0
09:30:28,99.81,-236,0
09:30:28,99.82,-236,0
09:30:28,99.83,-248,0
09:30:28,99.84,-175,0
09:30:28,99.85,-961,0
09:30:28,99.86,-207,0
09:30:28,99.87,-217,0
09:30:28,99.88,-197,0
09:30:28,99.89,-169,0
09:30:28,99.90,-175,0
09:30:28,99.91,-158,0
09:30:28,99.92,-174,0
09:30:28,99.93,-156,0
09:30:28,99.94,-136,0
09:30:28,99.95,-147,0
09:30:28,99.96,-98,0
09:30:28,99.97,-95,0
09:30:28,99.98,-26,0
09:30:28,99.99,0,0
09:30:28,100.00,41,0
09:30:28,100.01,77,0
09:30:28,100.02,98,0
09:30:28,100.03,148,0
09:30:28,100.04,129,0
09:30:28,100.05,148,0
09:30:28,100.06,132,0
09:30:28,100.07,177,0
09:30:28,100.08,174,0
09:30:28,100.09,184,0
09:30:28,100.10,182,0
09:30:28,100.11,219,0
09:30:28,100.12,229,0
09:30:28,100.13,211,0
09:30:28,100.14,195,0
09:30:28,100.15,250,0
09:30:28,100.16,881,0
09:30:28,100.17,224,0
09:30:28,100.18,232,0
09:30:28,100.19,264,0
09:30:28,100.20,215,0
09:30:28,100.21,216,0
09:30:28,100.22,236,0
09:30:28,100.23,260,0
09:30:28,100.24,251,0
09:30:28,100.25,228,0
09:30:28,100.26,246,0
09:30:28,100.27,271,0
09:30:28,100.28,246,0
09:30:28,100.29,262,0
09:30:28,100.30,229,0
09:30:30,99.70,-219,0
09:30:30,99.71,-247,0
09:30:30,99.72,-215,0
09:30:30,99.73,-220,0
09:30:30,99.74,-247,0
09:30:30,99.75,-230,0
09:30:30,99.76,-247,0
09:30:30,99.77,-259,0
09:30:30,99.78,-232,0
09:30:30,99.79,-240,0
09:30:30,99.80,-215,0
09:30:30,99.81,-208,0
09:30:30,99.82,-203,0
09:30:30,99.83,-216,0
09:30:30,99.84,-188,0
09:30:30,99.85,-827,0
09:30:30,99.86,-219,0
09:30:30,99.87,-208,0
09:30:30,99.88,-195,0
09:30:30,99.89,-185,0
09:30:30,99.90,-172,0
09:30:30,99.91,-179,0
09:30:30,99.92,-137,0
09:30:30,99.93,-159,0
09:30:30,99.94,-119,0
09:30:30,99.95,-111,0
09:30:30,99.96,-94,0
09:30:30,99.97,-63,0
09:30:30,99.98,-59,0
09:30:30,99.99,0,0
09:30:30,100.00,46,0
09:30:30,100.01,91,0
09:30:30,100.02,80,0
09:30:30,100.03,101,0
09:30:30,100.04,138,0
09:30:30,100.05,129,0
09:30:30,100.06,171,0
09:30:30,100.07,178,0
09:30:30,100.08,181,0
09:30:30,100.09,178,0
09:30:30,100.10,215,0
09:30:30,100.11,205,0
09:30:30,100.12,227,0
09:30:30,100.13,216,0
09:30:30,100.14,225,0
09:30:30,100.15,220,0
09:30:30,100.16,933,0
09:30:30,100.17,251,0
09:30:30,100.18,244,0
09:30:30,100.19,218,0
09:30:30,100.20,271,0
09:30:30,100.21,250,0
09:30:30,100.22,244,0
09:30:30,100.23,264,0
09:30:30,100.24,215,0
09:30:30,100.25,231,0
09:30:30,100.26,199,0
09:30:30,100.27,202,0
09:30:30,100.28,249,0
09:30:30,100.29,212,0
09:30:30,100.30,240,0
09:30:32,99.70,-241,0
09:30:32,99.71,-255,0
09:30:32,99.72,-248,0
09:30:32,99.73,-259,0
09:30:32,99.74,-230,0
09:30:32,99.75,-253,0
09:30:32,99.76,-224,0
09:30:32,99.77,-233,0
09:30:32,99.78,-209,0
09:30:32,99.79,-251,0
09:30:32,99.80,-218,0
09:30:32,99.81,-252,0
09:30:32,99.82,-222,0
09:30:32,99.83,-254,0
09:30:32,99.84,-242,0
09:30:32,99.85,-1044,0
09:30:32,99.86,-215,0
09:30:32,99.87,-207,0
09:30:32,99.88,-220,0
09:30:32,99.89,-201,0
09:30:32,99.90,-213,0
09:30:32,99.91,-175,0
09:30:32,99.92,-168,0
09:30:32,99.93,-185,0
09:30:32,99.94,-141,0
09:30:32,99.95,-136,0
09:30:32,99.96,-109,0
09:30:32,99.97,-49,0
09:30:32,99.98,-99,0
09:30:32,99.99,-57,0
09:30:32,100.00,0,0
09:30:32,100.01,29,0
09:30:32,100.02,85,0
09:30:32,100.03,115,0
09:30:32,100.04,102,0
09:30:32,100.05,92,0
09:30:32,100.06,130,0
09:30:32,100.07,129,0
09:30:32,100.08,129,0
09:30:32,100.09,159,0
09:30:32,100.10,159,0
09:30:32,100.11,207,0
09:30:32,100.12,217,0
09:30:32,100.13,205,0
09:30:32,100.14,174,0
09:30:32,100.15,190,0
09:30:32,100.16,1002,0
09:30:32,100.17,229,0
09:30:32,100.18,256,0
09:30:32,100.19,198,0
09:30:32,100.20,241,0
09:30:32,100.21,259,0
09:30:32,100.22,222,0
09:30:32,100.23,253,0
09:30:32,100.24,226,0
09:30:32,100.25,255,0
09:30:32,100.26,230,0
09:30:32,100.27,235,0
09:30:32,100.28,226,0
09:30:32,100.29,253,0
09:30:32,100.30,222,0
09:30:34,99.70,-244,0
09:30:34,99.71,-269,0
09:30:34,99.72,-263,0
09:30:34,99.73,-242,0
09:30:34,99.74,-217,0
09:30:34,99.75,-215,0
09:30:34,99.76,-238,0
09:30:34,99.77,-234,0
09:30:34,99.78,-215,0
09:30:34,99.79,-221,0
09:30:34,99.80,-254,0
09:30:34,99.81,-209,0
09:30:34,99.82,-186,0
09:30:34,99.83,-223,0
09:30:34,99.84,-199,0
09:30:34,99.85,-902,0
09:30:34,99.86,-244,0
09:30:34,99.87,-203,0
09:30:34,99.88,-225,0
09:30:34,99.89,-202,0
09:30:34,99.90,-187,0
09:30:34,99.91,-200,0
09:30:34,99.92,-146,0
09:30:34,99.93,-159,0
09:30:34,99.94,-167,0
09:30:34,99.95,-94,0
09:30:34,99.96,-109,0
09:30:34,99.97,-93,0
09:30:34,99.98,-54,329
09:30:34,99.99,0,0
09:30:34,100.00,31,0
09:30:34,100.01,87,0
09:30:34,100.02,70,0
09:30:34,100.03,92,0
09:30:34,100.04,128,0
09:30:34,100.05,157,0
09:30:34,100.06,135,0
09:30:34,100.07,165,0
09:30:34,100.08,163,0
09:30:34,100.09,194,0
09:30:34,100.10,239,0
09:30:34,100.11,187,0
09:30:34,100.12,208,0
09:30:34,100.13,248,0
09:30:34,100.14,211,0
09:30:34,100.15,247,0
09:30:34,100.16,1084,0
09:30:34,100.17,231,0
09:30:34,100.18,219,0
09:30:34,100.19,228,0
09:30:34,100.20,243,0
09:30:34,100.21,251,0
09:30:34,100.22,248,0
09:30:34,100.23,225,0
09:30:34,100.24,266,0
09:30:34,100.25,238,0
09:30:34,100.26,238,0
09:30:34,100.27,237,0
09:30:34,100.28,258,0
09:30:34,100.29,215,0
09:30:34,100.30,235,0
09:30:36,99.70,-210,0
09:30:36,99.71,-240,0
09:30:36,99.72,-251,0
09:30:36,99.73,-251,0
09:30:36,99.74,-228,0
09:30:36,99.75,-245,0
09:30:36,99.76,-239,0
09:30:36,99.77,-241,0
09:30:36,99.78,-241,0
09:30:36,99.79,-246,0
09:30:36,99.80,-266,0
09:30:36,99.81,-232,0
09:30:36,99.82,-226,0
09:30:36,99.83,-183,0
09:30:36,99.84,-230,0
09:30:36,99.85,-951,0
09:30:36,99.86,-170,0
09:30:36,99.87,-193,0
09:30:36,99.88,-213,0
09:30:36,99.89,-162,0
09:30:36,99.90,-184,0
09:30:36,99.91,-145,0
09:30:36,99.92,-160,0
09:30:36,99.93,-182,0
09:30:36,99.94,-167,0
09:30:36,99.95,-91,0
09:30:36,99.96,-100,0
09:30:36,99.97,-69,0
09:30:36,99.98,-35,0
09:30:36,99.99,0,0
09:30:36,100.00,36,0
09:30:36,100.01,59,0
09:30:36,100.02,100,0
09:30:36,100.03,148,0
09:30:36,100.04,88,0
09:30:36,100.05,122,0
09:30:36,100.06,194,0
09:30:36,100.07,164,0
09:30:36,100.08,204,0
09:30:36,100.09,179,0
09:30:36,100.10,195,0
09:30:36,100.11,204,0
09:30:36,100.12,200,0
09:30:36,100.13,189,0
09:30:36,100.14,213,0
09:30:36,100.15,245,0
09:30:36,100.16,1021,0
09:30:36,100.17,226,0
09:30:36,100.18,218,0
09:30:36,100.19,253,0
09:30:36,100.20,238,0
09:30:36,100.21,269,0
09:30:36,100.22,254,0
09:30:36,100.23,255,0
09:30:36,100.24,217,0
09:30:36,100.25,237,0
09:30:36,100.26,213,0
09:30:36,100.27,262,0
09:30:36,100.28,200,0
09:30:36,100.29,214,0
09:30:36,100.30,239,0
09:30:38,99.70,-242,0
09:30:38,99.71,-224,0
09:30:38,99.72,-281,0
09:30:38,99.73,-236,0
09:30:38,99.74,-238,0
09:30:38,99.75,-251,0
09:30:38,99.76,-236,0
09:30:38,99.77,-233,0
09:30:38,99.78,-234,0
09:30:38,99.79,-211,0
09:30:38,99.80,-203,0
09:30:38,99.81,-211,0
09:30:38,99.82,-205,0
09:30:38,99.83,-234,0
09:30:38,99.84,-221,0
09:30:38,99.85,-859,0
09:30:38,99.86,-169,0
09:30:38,99.87,-200,0
09:30:38,99.88,-189,0
09:30:38,99.89,-165,0
09:30:38,99.90,-159,0
09:30:38,99.91,-155,0
09:30:38,99.92,-157,0
09:30:38,99.93,-151,0
09:30:38,99.94,-141,0
09:30:38,99.95,-117,0
09:30:38,99.96,-101,0
09:30:38,99.97,-81,0
09:30:38,99.98,-82,0
09:30:38,99.99,0,0
09:30:38,100.00,46,0
09:30:38,100.01,83,0
09:30:38,100.02,110,0
09:30:38,100.03,118,0
09:30:38,100.04,124,0
09:30:38,100.05,130,0
09:30:38,100.06,138,0
09:30:38,100.07,157,0
09:30:38,100.08,209,0
09:30:38,100.09,224,0
09:30:38,100.10,212,0
09:30:38,100.11,221,0
09:30:38,100.12,195,0
09:30:38,100.13,194,0
09:30:38,100.14,252,0
09:30:38,100.15,246,0
09:30:38,100.16,852,0
09:30:38,100.17,184,0
09:30:38,100.18,213,0
09:30:38,100.19,260,0
09:30:38,100.20,262,0
09:30:38,100.21,208,0
09:30:38,100.22,281,0
09:30:38,100.23,241,0
09:30:38,100.24,255,0
09:30:38,100.25,238,0
09:30:38,100.26,241,0
09:30:38,100.27,256,0
09:30:38,100.28,232,0
09:30:38,100.29,267,0
09:30:38,100.30,236,0
09:30:40,99.70,-249,0
09:30:40,99.71,-250,0
09:30:40,99.72,-226,0
09:30:40,99.73,-257,0
09:30:40,99.74,-265,0
09:30:40,99.75,-224,0
09:30:40,99.76,-236,0
09:30:40,99.77,-231,0
09:30:40,99.78,-234,0
09:30:40,99.79,-209,0
09:30:40,99.80,-245,0
09:30:40,99.81,-222,0
09:30:40,99.82,-221,0
09:30:40,99.83,-181,0
09:30:40,99.84,-239,0
09:30:40,99.85,-1013,0
09:30:40,99.86,-244,0
09:30:40,99.87,-195,0
09:30:40,99.88,-214,0
09:30:40,99.89,-198,0
09:30:40,99.90,-191,0
09:30:40,99.91,-186,0
09:30:40,99.92,-192,0
09:30:40,99.93,-164,0
09:30:40,99.94,-111,0
09:30:40,99.95,-92,0
09:30:40,99.96,-98,0
09:30:40,99.97,-109,0
09:30:40,99.98,-49,21
09:30:40,99.99,0,0
09:30:40,100.00,26,0
09:30:40,100.01,43,0
09:30:40,100.02,88,0
09:30:40,100.03,120,0
09:30:40,100.04,125,0
09:30:40,100.05,129,0
09:30:40,100.06,168,0
09:30:40,100.07,156,0
09:30:40,100.08,174,0
09:30:40,100.09,196,0
09:30:40,100.10,181,0
09:30:40,100.11,219,0
09:30:40,100.12,227,0
09:30:40,100.13,211,0
09:30:40,100.14,204,0
09:30:40,100.15,222,0
09:30:40,100.16,963,0
09:30:40,100.17,215,0
09:30:40,100.18,257,0
09:30:40,100.19,243,0
09:30:40,100.20,257,0
09:30:40,100.21,214,0
09:30:40,100.22,218,0
09:30:40,100.23,219,0
09:30:40,100.24,234,0
09:30:40,100.25,257,0
09:30:40,100.26,261,0
09:30:40,100.27,271,0
09:30:40,100.28,229,0
09:30:40,100.29,229,0
09:30:40,100.30,257,0
09:30:42,99.70,-239,0
09:30:42,99.71,-260,0
09:30:42,99.72,-247,0
09:30:42,99.73,-264,0
09:30:42,99.74,-245,0
09:30:42,99.75,-242,0
09:30:42,99.76,-216,0
09:30:42,99.77,-222,0
09:30:42,99.78,-247,0
09:30:42,99.79,-226,0
09:30:42,99.80,-206,0
09:30:42,99.81,-201,0
09:30:42,99.82,-238,0
09:30:42,99.83,-194,0
09:30:42,99.84,-212,0
09:30:42,99.85,-939,0
09:30:42,99.86,-161,0
09:30:42,99.87,-182,0
09:30:42,99.88,-143,0
09:30:42,99.89,-213,0
09:30:42,99.90,-181,0
09:30:42,99.91,-157,0
09:30:42,99.92,-171,0
09:30:42,99.93,-159,0
09:30:42,99.94,-142,0
09:30:42,99.95,-88,0
09:30:42,99.96,-122,0
09:30:42,99.97,-66,0
09:30:42,99.98,-41,0
09:30:42,99.99,0,0
09:30:42,100.00,30,0
09:30:42,100.01,43,0
09:30:42,100.02,127,0
09:30:42,100.03,105,0
09:30:42,100.04,119,0
09:30:42,100.05,138,0
09:30:42,100.06,134,0
09:30:42,100.07,205,0
09:30:42,100.08,188,0
09:30:42,100.09,204,0
09:30:42,100.10,206,0
09:30:42,100.11,209,0
09:30:42,100.12,186,0
09:30:42,100.13,210,0
09:30:42,100.14,243,0
09:30:42,100.15,190,0
09:30:42,100.16,1033,0
09:30:42,100.17,223,0
09:30:42,100.18,237,0
09:30:42,100.19,252,0
09:30:42,100.20,224,0
09:30:42,100.21,239,0
09:30:42,100.22,209,0
09:30:42,100.23,226,0
09:30:42,100.24,231,0
09:30:42,100.25,273,0
09:30:42,100.26,207,0
09:30:42,100.27,248,0
09:30:42,100.28,244,0
09:30:42,100.29,275,0
09:30:42,100.30,268,0
09:30:44,99.70,-240,0
09:30:44,99.71,-254,0
09:30:44,99.72,-238,0
09:30:44,99.73,-215,0
09:30:44,99.74,-236,0
09:30:44,99.75,-233,0
09:30:44,99.76,-221,0
09:30:44,99.77,-238,0
09:30:44,99.78,-253,0
09:30:44,99.79,-243,0
09:30:44,99.80,-216,0
09:30:44,99.81,-246,0
09:30:44,99.82,-223,0
09:30:44,99.83,-223,0
09:30:44,99.84,-223,0
09:30:44,99.85,-848,0
09:30:44,99.86,-225,0
09:30:44,99.87,-206,0
09:30:44,99.88,-185,0
09:30:44,99.89,-202,0
09:30:44,99.90,-197,0
09:30:44,99.91,-162,0
09:30:44,99.92,-190,0
09:30:44,99.93,-161,0
09:30:44,99.94,-113,0
09:30:44,99.95,-110,0
09:30:44,99.96,-69,0
09:30:44,99.97,-69,0
09:30:44,99.98,-31,242
09:30:44,99.99,0,0
09:30:44,100.00,61,0
09:30:44,100.01,75,0
09:30:44,100.02,84,0
09:30:44,100.03,114,0
09:30:44,100.04,133,0
09:30:44,100.05,127,0
09:30:44,100.06,188,0
09:30:44,100.07,174,0
09:30:44,100.08,193,0
09:30:44,100.09,185,0
09:30:44,100.10,212,0
09:30:44,100.11,210,0
09:30:44,100.12,239,0
09:30:44,100.13,203,0
09:30:44,100.14,187,0
09:30:44,100.15,200,0
09:30:44,100.16,890,0
09:30:44,100.17,213,0
09:30:44,100.18,226,0
09:30:44,100.19,252,0
09:30:44,100.20,230,0
09:30:44,100.21,241,0
09:30:44,100.22,205,0
09:30:44,100.23,223,0
09:30:44,100.24,240,0
09:30:44,100.25,248,0
09:30:44,100.26,240,0
09:30:44,100.27,239,0
09:30:44,100.28,237,0
09:30:44,100.29,269,0
09:30:44,100.30,283,0
09:30:46,99.70,-238,0
09:30:46,99.71,-214,0
09:30:46,99.72,-240,0
09:30:46,99.73,-244,0
09:30:46,99.74,-242,0
09:30:46,99.75,-197,0
09:30:46,99.76,-244,0
09:30:46,99.77,-241,0
09:30:46,99.78,-217,0
09:30:46,99.79,-220,0
09:30:46,99.80,-271,0
09:30:46,99.81,-219,0
09:30:46,99.82,-221,0
09:30:46,99.83,-207,0
09:30:46,99.84,-176,0
09:30:46,99.85,-800,0
09:30:46,99.86,-244,0
09:30:46,99.87,-170,0
09:30:46,99.88,-217,0
09:30:46,99.89,-189,0
09:30:46,99.90,-215,0
09:30:46,99.91,-175,0
09:30:46,99.92,-175,0
09:30:46,99.93,-179,0
09:30:46,99.94,-136,0
09:30:46,99.95,-141,0
09:30:46,99.96,-131,0
09:30:46,99.97,-118,0
09:30:46,99.98,-64,0
09:30:46,99.99,-65,0
09:30:46,100.00,0,0
09:30:46,100.01,47,0
09:30:46,100.02,71,0
09:30:46,100.03,95,0
09:30:46,100.04,125,0
09:30:46,100.05,149,0
09:30:46,100.06,157,0
09:30:46,100.07,198,0
09:30:46,100.08,191,0
09:30:46,100.09,198,0
09:30:46,100.10,202,0
09:30:46,100.11,207,0
09:30:46,100.12,211,0
09:30:46,100.13,245,0
09:30:46,100.14,236,0
09:30:46,100.15,248,0
09:30:46,100.16,975,0
09:30:46,100.17,235,0
09:30:46,100.18,255,0
09:30:46,100.19,236,0
09:30:46,100.20,246,0
09:30:46,100.21,191,0
09:30:46,100.22,235,0
09:30:46,100.23,221,0
09:30:46,100.24,207,0
09:30:46,100.25,234,0
09:30:46,100.26,257,0
09:30:46,100.27,249,0
09:30:46,100.28,230,0
09:30:46,100.29,254,0
09:30:46,100.30,262,0
09:30:48,99.70,-244,0
09:30:48,99.71,-248,0
09:30:48,99.72,-238,0
09:30:48,99.73,-236,0
09:30:48,99.74,-245,0
09:30:48,99.75,-250,0
09:30:48,99.76,-283,0
09:30:48,99.77,-272,0
09:30:48,99.78,-255,0
09:30:48,99.79,-215,0
09:30:48,99.80,-207,0
09:30:48,99.81,-237,0
09:30:48,99.82,-202,0
09:30:48,99.83,-207,0
09:30:48,99.84,-230,0
09:30:48,99.85,-994,0
09:30:48,99.86,-209,0
09:30:48,99.87,-222,0
09:30:48,99.88,-201,0
09:30:48,99.89,-215,0
09:30:48,99.90,-180,0
09:30:48,99.91,-127,0
09:30:48,99.92,-151,0
09:30:48,99.93,-160,0
09:30:48,99.94,-157,0
09:30:48,99.95,-107,0
09:30:48,99.96,-153,0
09:30:48,99.97,-77,0
09:30:48,99.98,-79,0
09:30:48,99.99,-47,0
09:30:48,100.00,0,0
09:30:48,100.01,56,20
09:30:48,100.02,39,0
09:30:48,100.03,90,0
09:30:48,100.04,140,0
09:30:48,100.05,132,0
09:30:48,100.06,155,0
09:30:48,100.07,158,0
09:30:48,100.08,156,0
09:30:48,100.09,212,0
09:30:48,100.10,192,0
09:30:48,100.11,207,0
09:30:48,100.12,199,0
09:30:48,100.13,227,0
09:30:48,100.14,208,0
09:30:48,100.15,227,0
09:30:48,100.16,947,0
09:30:48,100.17,233,0
09:30:48,100.18,209,0
09:30:48,100.19,244,0
09:30:48,100.20,240,0
09:30:48,100.21,202,0
09:30:48,100.22,237,0
09:30:48,100.23,233,0
09:30:48,100.24,221,0
09:30:48,100.25,239,0
09:30:48,100.26,228,0
09:30:48,100.27,236,0
09:30:48,100.28,238,0
09:30:48,100.29,239,0
09:30:48,100.30,245,0
09:30:50,99.70,-245,0
09:30:50,99.71,-275,0
09:30:50,99.72,-247,0
09:30:50,99.73,-242,0
09:30:50,99.74,-270,0
09:30:50,99.75,-235,0
09:30:50,99.76,-260,0
09:30:50,99.77,-231,0
09:30:50,99.78,-245,0
09:30:50,99.79,-209,0
09:30:50,99.80,-223,0
09:30:50,99.81,-227,0
09:30:50,99.82,-223,0
09:30:50,99.83,-237,0
09:30:50,99.84,-229,0
09:30:50,99.85,-904,0
09:30:50,99.86,-228,0
09:30:50,99.87,-227,0
09:30:50,99.88,-218,0
09:30:50,99.89,-190,0
09:30:50,99.90,-196,0
09:30:50,99.91,-146,0
09:30:50,99.92,-154,0
09:30:50,99.93,-207,0
09:30:50,99.94,-140,0
09:30:50,99.95,-130,0
09:30:50,99.96,-141,0
09:30:50,99.97,-112,0
09:30:50,99.98,-67,0
09:30:50,99.99,-71,61
09:30:50,100.00,0,0
09:30:50,100.01,54,0
09:30:50,100.02,60,0
09:30:50,100.03,80,0
09:30:50,100.04,124,0
09:30:50,100.05,115,0
09:30:50,100.06,181,0
09:30:50,100.07,171,0
09:30:50,100.08,188,0
09:30:50,100.09,203,0
09:30:50,100.10,178,0
09:30:50,100.11,177,0
09:30:50,100.12,183,0
09:30:50,100.13,201,0
09:30:50,100.14,171,0
09:30:50,100.15,213,0
09:30:50,100.16,1082,0
09:30:50,100.17,261,0
09:30:50,100.18,222,0
09:30:50,100.19,222,0
09:30:50,100.20,198,0
09:30:50,100.21,224,0
09:30:50,100.22,237,0
09:30:50,100.23,273,0
09:30:50,100.24,259,0
09:30:50,100.25,255,0
09:30:50,100.26,240,0
09:30:50,100.27,258,0
09:30:50,100.28,272,0
09:30:50,100.29,236,0
09:30:50,100.30,267,0
09:30:52,99.70,-206,0
09:30:52,99.71,-214,0
09:30:52,99.72,-235,0
09:30:52,99.73,-245,0
09:30:52,99.74,-265,0
09:30:52,99.75,-248,0
09:30:52,99.76,-238,0
09:30:52,99.77,-247,0
09:30:52,99.78,-224,0
09:30:52,99.79,-253,0
09:30:52,99.80,-261,0
09:30:52,99.81,-206,0
09:30:52,99.82,-215,0
09:30:52,99.83,-235,0
09:30:52,99.84,-248,0
09:30:52,99.85,-814,0
09:30:52,99.86,-270,0
09:30:52,99.87,-210,0
09:30:52,99.88,-199,0
09:30:52,99.89,-159,0
09:30:52,99.90,-188,0
09:30:52,99.91,-176,0
09:30:52,99.92,-152,0
09:30:52,99.93,-155,0
09:30:52,99.94,-153,0
09:30:52,99.95,-145,0
09:30:52,99.96,-98,0
09:30:52,99.97,-82,0
09:30:52,99.98,-56,0
09:30:52,99.99,-28,255
09:30:52,100.00,0,0
09:30:52,100.01,68,0
09:30:52,100.02,53,0
09:30:52,100.03,103,0
09:30:52,100.04,115,0
09:30:52,100.05,111,0
09:30:52,100.06,132,0
09:30:52,100.07,160,0
09:30:52,100.08,170,0
09:30:52,100.09,158,0
09:30:52,100.10,203,0
09:30:52,100.11,216,0
09:30:52,100.12,243,0
09:30:52,100.13,240,0
09:30:52,100.14,205,0
09:30:52,100.15,225,0
09:30:52,100.16,1073,0
09:30:52,100.17,210,0
09:30:52,100.18,225,0
09:30:52,100.19,226,0
09:30:52,100.20,221,0
09:30:52,100.21,227,0
09:30:52,100.22,234,0
09:30:52,100.23,240,0
09:30:52,100.24,244,0
09:30:52,100.25,203,0
09:30:52,100.26,243,0
09:30:52,100.27,276,0
09:30:52,100.28,250,0
09:30:52,100.29,235,0
09:30:52,100.30,239,0
09:30:54,99.70,-242,0
09:30:54,99.71,-230,0
09:30:54,99.72,-232,0
09:30:54,99.73,-238,0
09:30:54,99.74,-223,0
09:30:54,99.75,-210,0
09:30:54,99.76,-213,0
09:30:54,99.77,-245,0
09:30:54,99.78,-219,0
09:30:54,99.79,-241,0
09:30:54,99.80,-226,0
09:30:54,99.81,-198,0
09:30:54,99.82,-236,0
09:30:54,99.83,-240,0
09:30:54,99.84,-236,0
09:30:54,99.85,-983,0
09:30:54,99.86,-220,0
09:30:54,99.87,-216,0
09:30:54,99.88,-198,0
09:30:54,99.89,-208,0
09:30:54,99.90,-211,0
09:30:54,99.91,-181,0
09:30:54,99.92,-173,0
09:30:54,99.93,-157,0
09:30:54,99.94,-176,0
09:30:54,99.95,-147,0
09:30:54,99.96,-132,0
09:30:54,99.97,-110,0
09:30:54,99.98,-83,0
09:30:54,99.99,-61,0
09:30:54,100.00,-6,0
09:30:54,100.01,0,0
09:30:54,100.02,50,0
09:30:54,100.03,71,0
09:30:54,100.04,92,0
09:30:54,100.05,113,0
09:30:54,100.06,116,0
09:30:54,100.07,185,0
09:30:54,100.08,158,0
09:30:54,100.09,142,0
09:30:54,100.10,138,0
09:30:54,100.11,187,0
09:30:54,100.12,172,0
09:30:54,100.13,201,0
09:30:54,100.14,218,0
09:30:54,100.15,220,0
09:30:54,100.16,854,0
09:30:54,100.17,223,0
09:30:54,100.18,232,0
09:30:54,100.19,211,0
09:30:54,100.20,256,0
09:30:54,100.21,230,0
09:30:54,100.22,189,0
09:30:54,100.23,268,0
09:30:54,100.24,248,0
09:30:54,100.25,233,0
09:30:54,100.26,254,0
09:30:54,100.27,238,0
09:30:54,100.28,281,0
09:30:54,100.29,233,0
09:30:54,100.30,228,0
09:30:56,99.70,-228,0
09:30:56,99.71,-269,0
09:30:56,99.72,-233,0
09:30:56,99.73,-227,0
09:30:56,99.74,-250,0
09:30:56,99.75,-234,0
09:30:56,99.76,-228,0
09:30:56,99.77,-233,0
09:30:56,99.78,-228,0
09:30:56,99.79,-262,0
09:30:56,99.80,-211,0
09:30:56,99.81,-236,0
09:30:56,99.82,-213,0
09:30:56,99.83,-208,0
09:30:56,99.84,-217,0
09:30:56,99.85,-884,0
09:30:56,99.86,-233,0
09:30:56,99.87,-227,0
09:30:56,99.88,-199,0
09:30:56,99.89,-197,0
09:30:56,99.90,-175,0
09:30:56,99.91,-235,0
09:30:56,99.92,-218,0
09:30:56,99.93,-192,0
09:30:56,99.94,-153,0
09:30:56,99.95,-122,0
09:30:56,99.96,-154,0
09:30:56,99.97,-88,0
09:30:56,99.98,-129,0
09:30:56,99.99,-36,0
09:30:56,100.00,-40,0
09:30:56,100.01,0,0
09:30:56,100.02,21,46
09:30:56,100.03,47,0
09:30:56,100.04,68,0
09:30:56,100.05,116,0
09:30:56,100.06,115,0
09:30:56,100.07,180,0
09:30:56,100.08,139,0
09:30:56,100.09,171,0
09:30:56,100.10,180,0
09:30:56,100.11,199,0
09:30:56,100.12,199,0
09:30:56,100.13,197,0
09:30:56,100.14,198,0
09:30:56,100.15,218,0
09:30:56,100.16,940,0
09:30:56,100.17,216,0
09:30:56,100.18,240,0
09:30:56,100.19,234,0
09:30:56,100.20,230,0
09:30:56,100.21,216,0
09:30:56,100.22,198,0
09:30:56,100.23,215,0
09:30:56,100.24,217,0
09:30:56,100.25,228,0
09:30:56,100.26,249,0
09:30:56,100.27,268,0
09:30:56,100.28,211,0
09:30:56,100.29,204,0
09:30:56,100.30,262,0
09:30:58,99.70,-199,0
09:30:58,99.71,-256,0
09:30:58,99.72,-211,0
09:30:58,99.73,-235,0
09:30:58,99.74,-240,0
09:30:58,99.75,-225,0
09:30:58,99.76,-247,0
09:30:58,99.77,-246,0
09:30:58,99.78,-247,0
09:30:58,99.79,-227,0
09:30:58,99.80,-238,0
09:30:58,99.81,-246,0
09:30:58,99.82,-250,0
09:30:58,99.83,-200,0
09:30:58,99.84,-219,0
09:30:58,99.85,-1064,0
09:30:58,99.86,-220,0
09:30:58,99.87,-208,0
09:30:58,99.88,-186,0
09:30:58,99.89,-221,0
09:30:58,99.90,-186,0
09:30:58,99.91,-184,0
09:30:58,99.92,-163,0
09:30:58,99.93,-207,0
09:30:58,99.94,-154,0
09:30:58,99.95,-151,0
09:30:58,99.96,-119,0
09:30:58,99.97,-82,0
09:30:58,99.98,-83,0
09:30:58,99.99,-79,0
09:30:58,100.00,-83,0
09:30:58,100.01,0,0
09:30:58,100.02,50,0
09:30:58,100.03,81,0
09:30:58,100.04,106,0
09:30:58,100.05,104,0
09:30:58,100.06,121,0
09:30:58,100.07,140,0
09:30:58,100.08,170,0
09:30:58,100.09,182,0
09:30:58,100.10,213,0
09:30:58,100.11,183,0
09:30:58,100.12,203,0
09:30:58,100.13,189,0
09:30:58,100.14,191,0
09:30:58,100.15,230,0
09:30:58,100.16,915,0
09:30:58,100.17,246,0
09:30:58,100.18,231,0
09:30:58,100.19,209,0
09:30:58,100.20,256,0
09:30:58,100.21,236,0
09:30:58,100.22,238,0
09:30:58,100.23,251,0
09:30:58,100.24,221,0
09:30:58,100.25,237,0
09:30:58,100.26,224,0
09:30:58,100.27,247,0
09:30:58,100.28,193,0
09:30:58,100.29,250,0
09:30:58,100.30,232,0
09:31:00,99.70,-272,0
09:31:00,99.71,-232,0
09:31:00,99.72,-249,0
09:31:00,99.73,-211,0
09:31:00,99.74,-244,0
09:31:00,99.75,-256,0
09:31:00,99.76,-216,0
09:31:00,99.77,-240,0
09:31:00,99.78,-227,0
09:31:00,99.79,-252,0
09:31:00,99.80,-277,0
09:31:00,99.81,-254,0
09:31:00,99.82,-222,0
09:31:00,99.83,-236,0
09:31:00,99.84,-198,0
09:31:00,99.85,-972,0
09:31:00,99.86,-224,0
09:31:00,99.87,-182,0
09:31:00,99.88,-214,0
09:31:00,99.89,-189,0
09:31:00,99.90,-200,0
09:31:00,99.91,-155,0
09:31:00,99.92,-144,0
09:31:00,99.93,-164,0
09:31:00,99.94,-159,0
09:31:00,99.95,-115,0
09:31:00,99.96,-91,0
09:31:00,99.97,-82,0
09:31:00,99.98,-62,0
09:31:00,99.99,-44,46
09:31:00,100.00,0,0
09:31:00,100.01,42,0
09:31:00,100.02,42,0
09:31:00,100.03,87,0
09:31:00,100.04,108,0
09:31:00,100.05,171,0
09:31:00,100.06,115,0
09:31:00,100.07,166,0
09:31:00,100.08,143,0
09:31:00,100.09,199,0
09:31:00,100.10,241,0
09:31:00,100.11,189,0
09:31:00,100.12,210,0
09:31:00,100.13,227,0
09:31:00,100.14,246,0
09:31:00,100.15,216,0
09:31:00,100.16,975,0
09:31:00,100.17,206,0
09:31:00,100.18,221,0
09:31:00,100.19,240,0
09:31:00,100.20,228,0
09:31:00,100.21,204,0
09:31:00,100.22,285,0
09:31:00,100.23,212,0
09:31:00,100.24,204,0
09:31:00,100.25,232,0
09:31:00,100.26,235,0
09:31:00,100.27,263,0
09:31:00,100.28,237,0
09:31:00,100.29,233,0
09:31:00,100.30,234,0
09:31:02,99.70,-227,0
09:31:02,99.71,-260,0
09:31:02,99.72,-254,0
09:31:02,99.73,-248,0
09:31:02,99.74,-229,0
09:31:02,99.75,-241,0
09:31:02,99.76,-262,0
09:31:02,99.77,-205,0
09:31:02,99.78,-227,0
09:31:02,99.79,-213,0
09:31:02,99.80,-228,0
09:31:02,99.81,-220,0
09:31:02,99.82,-234,0
09:31:02,99.83,-218,0
09:31:02,99.84,-201,0
09:31:02,99.85,-787,0
09:31:02,99.86,-231,0
09:31:02,99.87,-201,0
09:31:02,99.88,-214,0
09:31:02,99.89,-184,0
09:31:02,99.90,-183,0
09:31:02,99.91,-175,0
09:31:02,99.92,-161,0
09:31:02,99.93,-150,0
09:31:02,99.94,-147,0
09:31:02,99.95,-151,0
09:31:02,99.96,-102,0
09:31:02,99.97,-87,0
09:31:02,99.98,-84,0
09:31:02,99.99,-57,0
09:31:02,100.00,0,0
09:31:02,100.01,47,226
09:31:02,100.02,76,0
09:31:02,100.03,110,0
09:31:02,100.04,94,0
09:31:02,100.05,123,0
09:31:02,100.06,159,0
09:31:02,100.07,191,0
09:31:02,100.08,176,0
09:31:02,100.09,199,0
09:31:02,100.10,186,0
09:31:02,100.11,165,0
09:31:02,100.12,220,0
09:31:02,100.13,200,0
09:31:02,100.14,244,0
09:31:02,100.15,219,0
09:31:02,100.16,966,0
09:31:02,100.17,223,0
09:31:02,100.18,214,0
09:31:02,100.19,210,0
09:31:02,100.20,209,0
09:31:02,100.21,236,0
09:31:02,100.22,233,0
09:31:02,100.23,216,0
09:31:02,100.24,213,0
09:31:02,100.25,261,0
09:31:02,100.26,246,0
09:31:02,100.27,204,0
09:31:02,100.28,250,0
09:31:02,100.29,241,0
09:31:02,100.30,258,0
09:31:04,99.70,-240,0
09:31:04,99.71,-209,0
09:31:04,99.72,-263,0
09:31:04,99.73,-252,0
09:31:04,99.74,-192,0
09:31:04,99.75,-257,0
09:31:04,99.76,-222,0
09:31:04,99.77,-191,0
09:31:04,99.78,-239,0
09:31:04,99.79,-245,0
09:31:04,99.80,-212,0
09:31:04,99.81,-235,0
09:31:04,99.82,-216,0
09:31:04,99.83,-245,0
09:31:04,99.84,-223,0
09:31:04,99.85,-990,0
09:31:04,99.86,-193,0
09:31:04,99.87,-223,0
09:31:04,99.88,-212,0
09:31:04,99.89,-211,0
09:31:04,99.90,-216,0
09:31:04,99.91,-189,0
09:31:04,99.92,-158,0
09:31:04,99.93,-165,0
09:31:04,99.94,-194,0
09:31:04,99.95,-119,0
09:31:04,99.96,-147,0
09:31:04,99.97,-93,0
09:31:04,99.98,-89,0
09:31:04,99.99,-45,0
09:31:04,100.00,0,0
09:31:04,100.01,22,0
09:31:04,100.02,84,0
09:31:04,100.03,123,0
09:31:04,100.04,111,0
09:31:04,100.05,175,0
09:31:04,100.06,144,0
09:31:04,100.07,164,0
09:31:04,100.08,172,0
09:31:04,100.09,187,0
09:31:04,100.10,207,0
09:31:04,100.11,204,0
09:31:04,100.12,215,0
09:31:04,100.13,181,0
09:31:04,100.14,227,0
09:31:04,100.15,192,0
09:31:04,100.16,880,0
09:31:04,100.17,218,0
09:31:04,100.18,249,0
09:31:04,100.19,255,0
09:31:04,100.20,208,0
09:31:04,100.21,234,0
09:31:04,100.22,253,0
09:31:04,100.23,257,0
09:31:04,100.24,243,0
09:31:04,100.25,213,0
09:31:04,100.26,251,0
09:31:04,100.27,250,0
09:31:04,100.28,254,0
09:31:04,100.29,207,0
09:31:04,100.30,214,0
09:31:06,99.70,-252,0
09:31:06,99.71,-247,0
09:31:06,99.72,-244,0
09:31:06,99.73,-237,0
09:31:06,99.74,-242,0
09:31:06,99.75,-218,0
09:31:06,99.76,-288,0
09:31:06,99.77,-197,0
09:31:06,99.78,-233,0
09:31:06,99.79,-223,0
09:31:06,99.80,-224,0
09:31:06,99.81,-241,0
09:31:06,99.82,-218,0
09:31:06,99.83,-221,0
09:31:06,99.84,-217,0
09:31:06,99.85,-993,0
09:31:06,99.86,-205,0
09:31:06,99.87,-241,0
09:31:06,99.88,-174,0
09:31:06,99.89,-198,0
09:31:06,99.90,-206,0
09:31:06,99.91,-192,0
09:31:06,99.92,-146,0
09:31:06,99.93,-169,0
09:31:06,99.94,-163,0
09:31:06,99.95,-145,0
09:31:06,99.96,-123,0
09:31:06,99.97,-102,0
09:31:06,99.98,-38,0
09:31:06,99.99,-17,0
09:31:06,100.00,0,0
09:31:06,100.01,48,245
09:31:06,100.02,55,0
09:31:06,100.03,67,0
09:31:06,100.04,138,0
09:31:06,100.05,164,0
09:31:06,100.06,135,0
09:31:06,100.07,172,0
09:31:06,100.08,161,0
09:31:06,100.09,170,0
09:31:06,100.10,204,0
09:31:06,100.11,206,0
09:31:06,100.12,205,0
09:31:06,100.13,148,0
09:31:06,100.14,252,0
09:31:06,100.15,234,0
09:31:06,100.16,845,0
09:31:06,100.17,209,0
09:31:06,100.18,230,0
09:31:06,100.19,206,0
09:31:06,100.20,202,0
09:31:06,100.21,230,0
09:31:06,100.22,207,0
09:31:06,100.23,221,0
09:31:06,100.24,257,0
09:31:06,100.25,249,0
09:31:06,100.26,236,0
09:31:06,100.27,252,0
09:31:06,100.28,245,0
09:31:06,100.29,242,0
09:31:06,100.30,229,0
09:31:08,99.70,-224,0
09:31:08,99.71,-245,0
09:31:08,99.72,-220,0
09:31:08,99.73,-207,0
09:31:08,99.74,-252,0
09:31:08,99.75,-235,0
09:31:08,99.76,-256,0
09:31:08,99.77,-251,0
09:31:08,99.78,-245,0
09:31:08,99.79,-223,0
09:31:08,99.80,-225,0
09:31:08,99.81,-241,0
09:31:08,99.82,-219,0
09:31:08,99.83,-213,0
09:31:08,99.84,-236,0
09:31:08,99.85,-936,0
09:31:08,99.86,-230,0
09:31:08,99.87,-212,0
09:31:08,99.88,-208,0
09:31:08,99.89,-208,0
09:31:08,99.90,-201,0
09:31:08,99.91,-193,0
09:31:08,99.92,-143,0
09:31:08,99.93,-172,0
09:31:08,99.94,-154,0
09:31:08,99.95,-151,0
09:31:08,99.96,-97,0
09:31:08,99.97,-78,0
09:31:08,99.98,-66,0
09:31:08,99.99,-22,0
09:31:08,100.00,0,0
09:31:08,100.01,42,0
09:31:08,100.02,79,0
09:31:08,100.03,80,0
09:31:08,100.04,118,0
09:31:08,100.05,118,0
09:31:08,100.06,150,0
09:31:08,100.07,176,0
09:31:08,100.08,155,0
09:31:08,100.09,170,0
09:31:08,100.10,195,0
09:31:08,100.11,200,0
09:31:08,100.12,194,0
09:31:08,100.13,222,0
09:31:08,100.14,224,0
09:31:08,100.15,189,0
09:31:08,100.16,872,0
09:31:08,100.17,221,0
09:31:08,100.18,211,0
09:31:08,100.19,231,0
09:31:08,100.20,278,0
09:31:08,100.21,217,0
09:31:08,100.22,225,0
09:31:08,100.23,227,0
09:31:08,100.24,226,0
09:31:08,100.25,209,0
09:31:08,100.26,265,0
09:31:08,100.27,260,0
09:31:08,100.28,214,0
09:31:08,100.29,231,0
09:31:08,100.30,240,0
09:31:10,99.70,-236,0
09:31:10,99.71,-223,0
09:31:10,99.72,-202,0
09:31:10,99.73,-225,0
09:31:10,99.74,-246,0
09:31:10,99.75,-250,0
09:31:10,99.76,-204,0
09:31:10,99.77,-240,0
09:31:10,99.78,-232,0
09:31:10,99.79,-217,0
09:31:10,99.80,-244,0
09:31:10,99.81,-207,0
09:31:10,99.82,-222,0
09:31:10,99.83,-209,0
09:31:10,99.84,-216,0
09:31:10,99.85,-966,0
09:31:10,99.86,-219,0
09:31:10,99.87,-199,0
09:31:10,99.88,-188,0
09:31:10,99.89,-227,0
09:31:10,99.90,-196,0
09:31:10,99.91,-230,0
09:31:10,99.92,-157,0
09:31:10,99.93,-158,0
09:31:10,99.94,-137,0
09:31:10,99.95,-107,0
09:31:10,99.96,-96,0
09:31:10,99.97,-75,0
09:31:10,99.98,-80,0
09:31:10,99.99,-46,0
09:31:10,100.00,0,0
09:31:10,100.01,38,0
09:31:10,100.02,95,0
09:31:10,100.03,85,0
09:31:10,100.04,158,0
09:31:10,100.05,150,0
09:31:10,100.06,124,0
09:31:10,100.07,157,0
09:31:10,100.08,188,0
09:31:10,100.09,177,0
09:31:10,100.10,215,0
09:31:10,100.11,194,0
09:31:10,100.12,181,0
09:31:10,100.13,210,0
09:31:10,100.14,205,0
09:31:10,100.15,206,0
09:31:10,100.16,923,0
09:31:10,100.17,212,0
09:31:10,100.18,224,0
09:31:10,100.19,231,0
09:31:10,100.20,215,0
09:31:10,100.21,256,0
09:31:10,100.22,242,0
09:31:10,100.23,233,0
09:31:10,100.24,278,0
09:31:10,100.25,242,0
09:31:10,100.26,230,0
09:31:10,100.27,285,0
09:31:10,100.28,272,0
09:31:10,100.29,211,0
09:31:10,100.30,242,0
09:31:12,99.70,-269,0
09:31:12,99.71,-252,0
09:31:12,99.72,-225,0
09:31:12,99.73,-251,0
09:31:12,99.74,-223,0
09:31:12,99.75,-214,0
09:31:12,99.76,-229,0
09:31:12,99.77,-252,0
09:31:12,99.78,-214,0
09:31:12,99.79,-263,0
09:31:12,99.80,-227,0
09:31:12,99.81,-242,0
09:31:12,99.82,-231,0
09:31:12,99.83,-242,0
09:31:12,99.84,-223,0
09:31:12,99.85,-847,0
09:31:12,99.86,-215,0
09:31:12,99.87,-206,0
09:31:12,99.88,-219,0
09:31:12,99.89,-218,0
09:31:12,99.90,-192,0
09:31:12,99.91,-174,0
09:31:12,99.92,-165,0
09:31:12,99.93,-174,0
09:31:12,99.94,-145,0
09:31:12,99.95,-116,0
09:31:12,99.96,-118,0
09:31:12,99.97,-94,0
09:31:12,99.98,-92,0
09:31:12,99.99,-68,0
09:31:12,100.00,0,0
09:31:12,100.01,47,0
09:31:12,100.02,94,0
09:31:12,100.03,84,0
09:31:12,100.04,119,0
09:31:12,100.05,125,0
09:31:12,100.06,134,0
09:31:12,100.07,157,0
09:31:12,100.08,185,0
09:31:12,100.09,165,0
09:31:12,100.10,178,0
09:31:12,100.11,207,0
09:31:12,100.12,206,0
09:31:12,100.13,207,0
09:31:12,100.14,209,0
09:31:12,100.15,228,0
09:31:12,100.16,930,0
09:31:12,100.17,235,0
09:31:12,100.18,228,0
09:31:12,100.19,228,0
09:31:12,100.20,228,0
09:31:12,100.21,209,0
09:31:12,100.22,240,0
09:31:12,100.23,227,0
09:31:12,100.24,223,0
09:31:12,100.25,240,0
09:31:12,100.26,251,0
09:31:12,100.27,238,0
09:31:12,100.28,228,0
09:31:12,100.29,240,0
09:31:12,100.30,239,0
09:31:14,99.70,-245,0
09:31:14,99.71,-241,0
09:31:14,99.72,-268,0
09:31:14,99.73,-215,0
09:31:14,99.74,-279,0
09:31:14,99.75,-221,0
09:31:14,99.76,-239,0
09:31:14,99.77,-265,0
09:31:14,99.78,-216,0
09:31:14,99.79,-250,0
09:31:14,99.80,-246,0
09:31:14,99.81,-206,0
09:31:14,99.82,-233,0
09:31:14,99.83,-250,0
09:31:14,99.84,-230,0
09:31:14,99.85,-806,0
09:31:14,99.86,-222,0
09:31:14,99.87,-215,0
09:31:14,99.88,-194,0
09:31:14,99.89,-206,0
09:31:14,99.90,-166,0
09:31:14,99.91,-198,0
09:31:14,99.92,-165,0
09:31:14,99.93,-168,0
09:31:14,99.94,-160,0
09:31:14,99.95,-156,0
09:31:14,99.96,-104,0
09:31:14,99.97,-83,0
09:31:14,99.98,-79,0
09:31:14,99.99,-41,0
09:31:14,100.00,0,0
09:31:14,100.01,44,31
09:31:14,100.02,61,0
09:31:14,100.03,111,0
09:31:14,100.04,109,0
09:31:14,100.05,127,0
09:31:14,100.06,156,0
09:31:14,100.07,152,0
09:31:14,100.08,182,0
09:31:14,100.09,209,0
09:31:14,100.10,199,0
09:31:14,100.11,201,0
09:31:14,100.12,202,0
09:31:14,100.13,181,0
09:31:14,100.14,206,0
09:31:14,100.15,225,0
09:31:14,100.16,952,0
09:31:14,100.17,210,0
09:31:14,100.18,237,0
09:31:14,100.19,234,0
09:31:14,100.20,229,0
09:31:14,100.21,234,0
09:31:14,100.22,258,0
09:31:14,100.23,246,0
09:31:14,100.24,222,0
09:31:14,100.25,220,0
09:31:14,100.26,236,0
09:31:14,100.27,238,0
09:31:14,100.28,256,0
09:31:14,100.29,244,0
09:31:14,100.30,238,0
09:31:16,99.70,-226,0
09:31:16,99.71,-244,0
09:31:16,99.72,-245,0
09:31:16,99.73,-240,0
09:31:16,99.74,-244,0
09:31:16,99.75,-256,0
09:31:16,99.76,-231,0
09:31:16,99.77,-214,0
09:31:16,99.78,-262,0
09:31:16,99.79,-258,0
09:31:16,99.80,-276,0
09:31:16,99.81,-233,0
09:31:16,99.82,-213,0
09:31:16,99.83,-216,0
09:31:16,99.84,-200,0
09:31:16,99.85,-879,0
09:31:16,99.86,-235,0
09:31:16,99.87,-223,0
09:31:16,99.88,-171,0
09:31:16,99.89,-196,0
09:31:16,99.90,-195,0
09:31:16,99.91,-176,0
09:31:16,99.92,-175,0
09:31:16,99.93,-159,0
09:31:16,99.94,-99,0
09:31:16,99.95,-136,0
09:31:16,99.96,-148,0
09:31:16,99.97,-59,0
09:31:16,99.98,-116,0
09:31:16,99.99,-35,0
09:31:16,100.00,0,0
09:31:16,100.01,67,0
09:31:16,100.02,70,0
09:31:16,100.03,87,0
09:31:16,100.04,123,0
09:31:16,100.05,138,0
09:31:16,100.06,167,0
09:31:16,100.07,144,0
09:31:16,100.08,181,0
09:31:16,100.09,208,0
09:31:16,100.10,208,0
09:31:16,100.11,251,0
09:31:16,100.12,191,0
09:31:16,100.13,190,0
09:31:16,100.14,182,0
09:31:16,100.15,242,0
09:31:16,100.16,984,0
09:31:16,100.17,212,0
09:31:16,100.18,240,0
09:31:16,100.19,232,0
09:31:16,100.20,220,0
09:31:16,100.21,221,0
09:31:16,100.22,254,0
09:31:16,100.23,237,0
09:31:16,100.24,238,0
09:31:16,100.25,214,0
09:31:16,100.26,237,0
09:31:16,100.27,192,0
09:31:16,100.28,256,0
09:31:16,100.29,272,0
09:31:16,100.30,238,0
09:31:18,99.70,-250,0
09:31:18,99.71,-217,0
09:31:18,99.72,-255,0
09:31:18,99.73,-257,0
09:31:18,99.74,-259,0
09:31:18,99.75,-246,0
09:31:18,99.76,-234,0
09:31:18,99.77,-226,0
09:31:18,99.78,-237,0
09:31:18,99.79,-221,0
09:31:18,99.80,-183,0
09:31:18,99.81,-208,0
09:31:18,99.82,-235,0
09:31:18,99.83,-230,0
09:31:18,99.84,-224,0
09:31:18,99.85,-1056,0
09:31:18,99.86,-200,0
09:31:18,99.87,-181,0
09:31:18,99.88,-221,0
09:31:18,99.89,-176,0
09:31:18,99.90,-228,0
09:31:18,99.91,-186,0
09:31:18,99.92,-162,0
09:31:18,99.93,-117,0
09:31:18,99.94,-176,0
09:31:18,99.95,-143,0
09:31:18,99.96,-132,0
09:31:18,99.97,-130,0
09:31:18,99.98,-102,0
09:31:18,99.99,-37,0
09:31:18,100.00,-51,0
09:31:18,100.01,0,0
09:31:18,100.02,62,0
09:31:18,100.03,81,0
09:31:18,100.04,105,0
09:31:18,100.05,133,0
09:31:18,100.06,92,0
09:31:18,100.07,158,0
09:31:18,100.08,194,0
09:31:18,100.09,209,0
09:31:18,100.10,162,0
09:31:18,100.11,182,0
09:31:18,100.12,230,0
09:31:18,100.13,160,0
09:31:18,100.14,237,0
09:31:18,100.15,203,0
09:31:18,100.16,861,0
09:31:18,100.17,208,0
09:31:18,100.18,249,0
09:31:18,100.19,206,0
09:31:18,100.20,222,0
09:31:18,100.21,246,0
09:31:18,100.22,239,0
09:31:18,100.23,232,0
09:31:18,100.24,260,0
09:31:18,100.25,221,0
09:31:18,100.26,216,0
09:31:18,100.27,231,0
09:31:18,100.28,256,0
09:31:18,100.29,261,0
09:31:18,100.30,225,0
09:31:20,99.70,-244,0
09:31:20,99.71,-226,0
09:31:20,99.72,-264,0
09:31:20,99.73,-226,0
09:31:20,99.74,-230,0
09:31:20,99.75,-232,0
09:31:20,99.76,-259,0
09:31:20,99.77,-224,0
09:31:20,99.78,-248,0
09:31:20,99.79,-261,0
09:31:20,99.80,-255,0
09:31:20,99.81,-237,0
09:31:20,99.82,-251,0
09:31:20,99.83,-221,0
09:31:20,99.84,-227,0
09:31:20,99.85,-1007,0
09:31:20,99.86,-193,0
09:31:20,99.87,-215,0
09:31:20,99.88,-228,0
09:31:20,99.89,-188,0
09:31:20,99.90,-180,0
09:31:20,99.91,-173,0
09:31:20,99.92,-187,0
09:31:20,99.93,-147,0
09:31:20,99.94,-139,0
09:31:20,99.95,-134,0
09:31:20,99.96,-129,0
09:31:20,99.97,-94,0
09:31:20,99.98,-97,0
09:31:20,99.99,-67,0
09:31:20,100.00,-49,221
09:31:20,100.01,0,0
09:31:20,100.02,45,0
09:31:20,100.03,58,0
09:31:20,100.04,71,0
09:31:20,100.05,91,0
09:31:20,100.06,130,0
09:31:20,100.07,123,0
09:31:20,100.08,165,0
09:31:20,100.09,170,0
09:31:20,100.10,195,0
09:31:20,100.11,176,0
09:31:20,100.12,180,0
09:31:20,100.13,191,0
09:31:20,100.14,185,0
09:31:20,100.15,232,0
09:31:20,100.16,1024,0
09:31:20,100.17,221,0
09:31:20,100.18,196,0
09:31:20,100.19,223,0
09:31:20,100.20,261,0
09:31:20,100.21,244,0
09:31:20,100.22,241,0
09:31:20,100.23,279,0
09:31:20,100.24,228,0
09:31:20,100.25,237,0
09:31:20,100.26,251,0
09:31:20,100.27,232,0
09:31:20,100.28,246,0
09:31:20,100.29,223,0
09:31:20,100.30,275,0
09:31:22,99.70,-265,0
09:31:22,99.71,-237,0
09:31:22,99.72,-264,0
09:31:22,99.73,-214,0
09:31:22,99.74,-227,0
09:31:22,99.75,-258,0
09:31:22,99.76,-255,0
09:31:22,99.77,-244,0
09:31:22,99.78,-246,0
09:31:22,99.79,-225,0
09:31:22,99.80,-215,0
09:31:22,99.81,-233,0
09:31:22,99.82,-222,0
09:31:22,99.83,-217,0
09:31:22,99.84,-225,0
09:31:22,99.85,-953,0
09:31:22,99.86,-223,0
09:31:22,99.87,-242,0
09:31:22,99.88,-188,0
09:31:22,99.89,-186,0
09:31:22,99.90,-161,0
09:31:22,99.91,-187,0
09:31:22,99.92,-183,0
09:31:22,99.93,-199,0
09:31:22,99.94,-171,0
09:31:22,99.95,-164,0
09:31:22,99.96,-96,0
09:31:22,99.97,-85,0
09:31:22,99.98,-92,0
09:31:22,99.99,-90,0
09:31:22,100.00,-57,0
09:31:22,100.01,0,0
09:31:22,100.02,41,0
09:31:22,100.03,53,0
09:31:22,100.04,105,0
09:31:22,100.05,104,0
09:31:22,100.06,140,0
09:31:22,100.07,178,0
09:31:22,100.08,161,0
09:31:22,100.09,127,0
09:31:22,100.10,187,0
09:31:22,100.11,195,0
09:31:22,100.12,184,0
09:31:22,100.13,190,0
09:31:22,100.14,211,0
09:31:22,100.15,220,0
09:31:22,100.16,861,0
09:31:22,100.17,231,0
09:31:22,100.18,262,0
09:31:22,100.19,234,0
09:31:22,100.20,210,0
09:31:22,100.21,235,0
09:31:22,100.22,248,0
09:31:22,100.23,246,0
09:31:22,100.24,256,0
09:31:22,100.25,267,0
09:31:22,100.26,227,0
09:31:22,100.27,222,0
09:31:22,100.28,226,0
09:31:22,100.29,240,0
09:31:22,100.30,245,0
09:31:24,99.70,-222,0
09:31:24,99.71,-249,0
09:31:24,99.72,-231,0
09:31:24,99.73,-259,0
09:31:24,99.74,-217,0
09:31:24,99.75,-244,0
09:31:24,99.76,-253,0
09:31:24,99.77,-279,0
09:31:24,99.78,-236,0
09:31:24,99.79,-250,0
09:31:24,99.80,-216,0
09:31:24,99.81,-246,0
09:31:24,99.82,-253,0
09:31:24,99.83,-223,0
09:31:24,99.84,-228,0
09:31:24,99.85,-904,0
09:31:24,99.86,-262,0
09:31:24,99.87,-234,0
09:31:24,99.88,-195,0
09:31:24,99.89,-156,0
09:31:24,99.90,-190,0
09:31:24,99.91,-226,0
09:31:24,99.92,-234,0
09:31:24,99.93,-168,0
09:31:24,99.94,-176,0
09:31:24,99.95,-216,0
09:31:24,99.96,-147,0
09:31:24,99.97,-103,0
09:31:24,99.98,-99,0
09:31:24,99.99,-85,0
09:31:24,100.00,-45,0
09:31:24,100.01,0,0
09:31:24,100.02,49,107
09:31:24,100.03,89,0
09:31:24,100.04,109,0
09:31:24,100.05,108,0
09:31:24,100.06,119,0
09:31:24,100.07,140,0
09:31:24,100.08,173,0
09:31:24,100.09,188,0
09:31:24,100.10,207,0
09:31:24,100.11,191,0
09:31:24,100.12,227,0
09:31:24,100.13,211,0
09:31:24,100.14,184,0
09:31:24,100.15,192,0
09:31:24,100.16,815,0
09:31:24,100.17,197,0
09:31:24,100.18,216,0
09:31:24,100.19,224,0
09:31:24,100.20,238,0
09:31:24,100.21,234,0
09:31:24,100.22,183,0
09:31:24,100.23,235,0
09:31:24,100.24,237,0
09:31:24,100.25,238,0
09:31:24,100.26,269,0
09:31:24,100.27,246,0
09:31:24,100.28,224,0
09:31:24,100.29,217,0
09:31:24,100.30,231,0
09:31:26,99.70,-246,0
09:31:26,99.71,-223,0
09:31:26,99.72,-228,0
09:31:26,99.73,-243,0
09:31:26,99.74,-243,0
09:31:26,99.75,-257,0
09:31:26,99.76,-236,0
09:31:26,99.77,-229,0
09:31:26,99.78,-259,0
09:31:26,99.79,-231,0
09:31:26,99.80,-236,0
09:31:26,99.81,-189,0
09:31:26,99.82,-219,0
09:31:26,99.83,-216,0
09:31:26,99.84,-259,0
09:31:26,99.85,-919,0
09:31:26,99.86,-217,0
09:31:26,99.87,-219,0
09:31:26,99.88,-177,0
09:31:26,99.89,-203,0
09:31:26,99.90,-208,0
09:31:26,99.91,-200,0
09:31:26,99.92,-192,0
09:31:26,99.93,-148,0
09:31:26,99.94,-149,0
09:31:26,99.95,-126,0
09:31:26,99.96,-152,0
09:31:26,99.97,-83,0
09:31:26,99.98,-55,0
09:31:26,99.99,-72,0
09:31:26,100.00,0,0
09:31:26,100.01,59,0
09:31:26,100.02,68,0
09:31:26,100.03,91,0
09:31:26,100.04,136,0
09:31:26,100.05,157,0
09:31:26,100.06,129,0
09:31:26,100.07,170,0
09:31:26,100.08,134,0
09:31:26,100.09,146,0
09:31:26,100.10,254,0
09:31:26,100.11,203,0
09:31:26,100.12,197,0
09:31:26,100.13,210,0
09:31:26,100.14,238,0
09:31:26,100.15,251,0
09:31:26,100.16,893,0
09:31:26,100.17,222,0
09:31:26,100.18,259,0
09:31:26,100.19,248,0
09:31:26,100.20,234,0
09:31:26,100.21,256,0
09:31:26,100.22,229,0
09:31:26,100.23,232,0
09:31:26,100.24,222,0
09:31:26,100.25,254,0
09:31:26,100.26,234,0
09:31:26,100.27,243,0
09:31:26,100.28,232,0
09:31:26,100.29,241,0
09:31:26,100.30,230,0
09:31:28,99.70,-259,0
09:31:28,99.71,-265,0
09:31:28,99.72,-249,0
09:31:28,99.73,-254,0
09:31:28,99.74,-249,0
09:31:28,99.75,-261,0
09:31:28,99.76,-237,0
09:31:28,99.77,-260,0
09:31:28,99.78,-243,0
09:31:28,99.79,-254,0
09:31:28,99.80,-195,0
09:31:28,99.81,-244,0
09:31:28,99.82,-241,0
09:31:28,99.83,-245,0
09:31:28,99.84,-260,0
09:31:28,99.85,-880,0
09:31:28,99.86,-207,0
09:31:28,99.87,-211,0
09:31:28,99.88,-216,0
09:31:28,99.89,-223,0
09:31:28,99.90,-173,0
09:31:28,99.91,-210,0
09:31:28,99.92,-199,0
09:31:28,99.93,-160,0
09:31:28,99.94,-145,0
09:31:28,99.95,-138,0
09:31:28,99.96,-131,0
09:31:28,99.97,-94,0
09:31:28,99.98,-95,0
09:31:28,99.99,-82,0
09:31:28,100.00,0,0
09:31:28,100.01,0,0
09:31:28,100.02,61,0
09:31:28,100.03,54,0
09:31:28,100.04,94,0
09:31:28,100.05,110,0
09:31:28,100.06,119,0
09:31:28,100.07,155,0
09:31:28,100.08,183,0
09:31:28,100.09,180,0
09:31:28,100.10,165,0
09:31:28,100.11,199,0
09:31:28,100.12,183,0
09:31:28,100.13,192,0
09:31:28,100.14,212,0
09:31:28,100.15,207,0
09:31:28,100.16,793,0
09:31:28,100.17,208,0
09:31:28,100.18,270,0
09:31:28,100.19,245,0
09:31:28,100.20,194,0
09:31:28,100.21,245,0
09:31:28,100.22,231,0
09:31:28,100.23,221,0
09:31:28,100.24,245,0
09:31:28,100.25,234,0
09:31:28,100.26,264,0
09:31:28,100.27,258,0
09:31:28,100.28,252,0
09:31:28,100.29,232,0
09:31:28,100.30,236,0
09:31:30,99.70,-243,0
09:31:30,99.71,-224,0
09:31:30,99.72,-242,0
09:31:30,99.73,-228,0
09:31:30,99.74,-244,0
09:31:30,99.75,-243,0
09:31:30,99.76,-246,0
09:31:30,99.77,-234,0
09:31:30,99.78,-242,0
09:31:30,99.79,-245,0
09:31:30,99.80,-207,0
09:31:30,99.81,-255,0
09:31:30,99.82,-215,0
09:31:30,99.83,-245,0
09:31:30,99.84,-239,0
09:31:30,99.85,-969,0
09:31:30,99.86,-234,0
09:31:30,99.87,-215,0
09:31:30,99.88,-230,0
09:31:30,99.89,-203,0
09:31:30,99.90,-200,0
09:31:30,99.91,-172,0
09:31:30,99.92,-186,0
09:31:30,99.93,-178,0
09:31:30,99.94,-124,0
09:31:30,99.95,-149,0
09:31:30,99.96,-123,0
09:31:30,99.97,-92,0
09:31:30,99.98,-97,0
09:31:30,99.99,-83,0
09:31:30,100.00,-34,0
09:31:30,100.01,0,0
09:31:30,100.02,51,32
09:31:30,100.03,103,0
09:31:30,100.04,103,0
09:31:30,100.05,106,0
09:31:30,100.06,131,0
09:31:30,100.07,155,0
09:31:30,100.08,142,0
09:31:30,100.09,187,0
09:31:30,100.10,162,0
09:31:30,100.11,180,0
09:31:30,100.12,216,0
09:31:30,100.13,228,0
09:31:30,100.14,216,0
09:31:30,100.15,192,0
09:31:30,100.16,897,0
09:31:30,100.17,191,0
09:31:30,100.18,221,0
09:31:30,100.19,205,0
09:31:30,100.20,225,0
09:31:30,100.21,234,0
09:31:30,100.22,237,0
09:31:30,100.23,251,0
09:31:30,100.24,250,0
09:31:30,100.25,226,0
09:31:30,100.26,240,0
09:31:30,100.27,280,0
09:31:30,100.28,194,0
09:31:30,100.29,248,0
09:31:30,100.30,231,0
09:31:32,99.70,-233,0
09:31:32,99.71,-256,0
09:31:32,99.72,-257,0
09:31:32,99.73,-209,0
09:31:32,99.74,-252,0
09:31:32,99.75,-200,0
09:31:32,99.76,-230,0
09:31:32,99.77,-225,0
09:31:32,99.78,-221,0
09:31:32,99.79,-234,0
09:31:32,99.80,-230,0
09:31:32,99.81,-258,0
09:31:32,99.82,-231,0
09:31:32,99.83,-190,0
09:31:32,99.84,-256,0
09:31:32,99.85,-1007,0
09:31:32,99.86,-220,0
09:31:32,99.87,-209,0
09:31:32,99.88,-211,0
09:31:32,99.89,-204,0
09:31:32,99.90,-176,0
09:31:32,99.91,-204,0
09:31:32,99.92,-191,0
09:31:32,99.93,-175,0
09:31:32,99.94,-153,0
09:31:32,99.95,-148,0
09:31:32,99.96,-169,0
09:31:32,99.97,-112,0
09:31:32,99.98,-71,0
09:31:32,99.99,-69,0
09:31:32,100.00,-47,0
09:31:32,100.01,0,0
09:31:32,100.02,57,0
09:31:32,100.03,72,0
09:31:32,100.04,97,0
09:31:32,100.05,124,0
09:31:32,100.06,135,0
09:31:32,100.07,132,0
09:31:32,100.08,172,0
09:31:32,100.09,191,0
09:31:32,100.10,185,0
09:31:32,100.11,188,0
09:31:32,100.12,170,0
09:31:32,100.13,196,0
09:31:32,100.14,176,0
09:31:32,100.15,211,0
09:31:32,100.16,769,0
09:31:32,100.17,221,0
09:31:32,100.18,195,0
09:31:32,100.19,227,0
09:31:32,100.20,240,0
09:31:32,100.21,201,0
09:31:32,100.22,261,0
09:31:32,100.23,225,0
09:31:32,100.24,234,0
09:31:32,100.25,245,0
09:31:32,100.26,247,0
09:31:32,100.27,215,0
09:31:32,100.28,244,0
09:31:32,100.29,245,0
09:31:32,100.30,225,0
09:31:34,99.70,-227,0
09:31:34,99.71,-206,0
09:31:34,99.72,-226,0
09:31:34,99.73,-272,0
09:31:34,99.74,-230,0
09:31:34,99.75,-228,0
09:31:34,99.76,-252,0
09:31:34,99.77,-247,0
09:31:34,99.78,-223,0
09:31:34,99.79,-220,0
09:31:34,99.80,-218,0
09:31:34,99.81,-226,0
09:31:34,99.82,-260,0
09:31:34,99.83,-231,0
09:31:34,99.84,-222,0
09:31:34,99.85,-868,0
09:31:34,99.86,-233,0
09:31:34,99.87,-228,0
09:31:34,99.88,-200,0
09:31:34,99.89,-213,0
09:31:34,99.90,-219,0
09:31:34,99.91,-182,0
09:31:34,99.92,-196,0
09:31:34,99.93,-175,0
09:31:34,99.94,-161,0
09:31:34,99.95,-160,0
09:31:34,99.96,-167,0
09:31:34,99.97,-132,0
09:31:34,99.98,-94,0
09:31:34,99.99,-101,0
09:31:34,100.00,-69,0
09:31:34,100.01,-57,0
09:31:34,100.02,0,0
09:31:34,100.03,25,0
09:31:34,100.04,47,0
09:31:34,100.05,99,0
09:31:34,100.06,132,0
09:31:34,100.07,138,0
09:31:34,100.08,139,0
09:31:34,100.09,177,0
09:31:34,100.10,183,0
09:31:34,100.11,160,0
09:31:34,100.12,200,0
09:31:34,100.13,192,0
09:31:34,100.14,197,0
09:31:34,100.15,167,0
09:31:34,100.16,920,0
09:31:34,100.17,223,0
09:31:34,100.18,240,0
09:31:34,100.19,236,0
09:31:34,100.20,242,0
09:31:34,100.21,205,0
09:31:34,100.22,254,0
09:31:34,100.23,245,0
09:31:34,100.24,258,0
09:31:34,100.25,214,0
09:31:34,100.26,211,0
09:31:34,100.27,247,0
09:31:34,100.28,214,0
09:31:34,100.29,229,0
09:31:34,100.30,239,0
09:31:36,99.70,-250,0
09:31:36,99.71,-251,0
09:31:36,99.72,-262,0
09:31:36,99.73,-235,0
09:31:36,99.74,-226,0
09:31:36,99.75,-239,0
09:31:36,99.76,-217,0
09:31:36,99.77,-265,0
09:31:36,99.78,-258,0
09:31:36,99.79,-222,0
09:31:36,99.80,-232,0
09:31:36,99.81,-240,0
09:31:36,99.82,-269,0
09:31:36,99.83,-221,0
09:31:36,99.84,-251,0
09:31:36,99.85,-964,0
09:31:36,99.86,-209,0
09:31:36,99.87,-182,0
09:31:36,99.88,-222,0
09:31:36,99.89,-198,0
09:31:36,99.90,-183,0
09:31:36,99.91,-211,0
09:31:36,99.92,-220,0
09:31:36,99.93,-195,0
09:31:36,99.94,-171,0
09:31:36,99.95,-126,0
09:31:36,99.96,-123,0
09:31:36,99.97,-125,0
09:31:36,99.98,-115,0
09:31:36,99.99,-99,0
09:31:36,100.00,-70,0
09:31:36,100.01,-30,0
09:31:36,100.02,0,0
09:31:36,100.03,10,0
09:31:36,100.04,70,0
09:31:36,100.05,83,0
09:31:36,100.06,119,0
09:31:36,100.07,122,0
09:31:36,100.08,163,0
09:31:36,100.09,149,0
09:31:36,100.10,141,0
09:31:36,100.11,165,0
09:31:36,100.12,199,0
09:31:36,100.13,190,0
09:31:36,100.14,204,0
09:31:36,100.15,170,0
09:31:36,100.16,860,0
09:31:36,100.17,236,0
09:31:36,100.18,253,0
09:31:36,100.19,207,0
09:31:36,100.20,247,0
09:31:36,100.21,218,0
09:31:36,100.22,223,0
09:31:36,100.23,240,0
09:31:36,100.24,231,0
09:31:36,100.25,247,0
09:31:36,100.26,239,0
09:31:36,100.27,250,0
09:31:36,100.28,271,0
09:31:36,100.29,250,0
09:31:36,100.30,268,0
09:31:38,99.70,-211,0
09:31:38,99.71,-236,0
09:31:38,99.72,-255,0
09:31:38,99.73,-233,0
09:31:38,99.74,-251,0
09:31:38,99.75,-219,0
09:31:38,99.76,-245,0
09:31:38,99.77,-302,0
09:31:38,99.78,-238,0
09:31:38,99.79,-240,0
09:31:38,99.80,-224,0
09:31:38,99.81,-230,0
09:31:38,99.82,-240,0
09:31:38,99.83,-204,0
09:31:38,99.84,-205,0
09:31:38,99.85,-867,0
09:31:38,99.86,-231,0
09:31:38,99.87,-181,0
09:31:38,99.88,-227,0
09:31:38,99.89,-186,0
09:31:38,99.90,-225,0
09:31:38,99.91,-199,0
09:31:38,99.92,-182,0
09:31:38,99.93,-185,0
09:31:38,99.94,-191,0
09:31:38,99.95,-157,0
09:31:38,99.96,-131,0
09:31:38,99.97,-123,0
09:31:38,99.98,-109,0
09:31:38,99.99,-51,0
09:31:38,100.00,-51,0
09:31:38,100.01,0,0
09:31:38,100.02,31,0
09:31:38,100.03,97,0
09:31:38,100.04,78,0
09:31:38,100.05,106,0
09:31:38,100.06,115,0
09:31:38,100.07,164,0
09:31:38,100.08,162,0
09:31:38,100.09,195,0
09:31:38,100.10,163,0
09:31:38,100.11,187,0
09:31:38,100.12,209,0
09:31:38,100.13,232,0
09:31:38,100.14,179,0
09:31:38,100.15,180,0
09:31:38,100.16,966,0
09:31:38,100.17,211,0
09:31:38,100.18,206,0
09:31:38,100.19,208,0
09:31:38,100.20,261,0
09:31:38,100.21,246,0
09:31:38,100.22,255,0
09:31:38,100.23,238,0
09:31:38,100.24,262,0
09:31:38,100.25,239,0
09:31:38,100.26,256,0
09:31:38,100.27,266,0
09:31:38,100.28,263,0
09:31:38,100.29,231,0
09:31:38,100.30,253,0
09:31:40,99.70,-247,0
09:31:40,99.71,-251,0
09:31:40,99.72,-247,0
09:31:40,99.73,-243,0
09:31:40,99.74,-245,0
09:31:40,99.75,-249,0
09:31:40,99.76,-223,0
09:31:40,99.77,-279,0
09:31:40,99.78,-248,0
09:31:40,99.79,-235,0
09:31:40,99.80,-254,0
09:31:40,99.81,-223,0
09:31:40,99.82,-229,0
09:31:40,99.83,-205,0
09:31:40,99.84,-216,0
09:31:40,99.85,-867,0
09:31:40,99.86,-206,0
09:31:40,99.87,-225,0
09:31:40,99.88,-198,0
09:31:40,99.89,-203,0
09:31:40,99.90,-211,0
09:31:40,99.91,-180,0
09:31:40,99.92,-162,0
09:31:40,99.93,-152,0
09:31:40,99.94,-174,0
09:31:40,99.95,-142,0
09:31:40,99.96,-110,0
09:31:40,99.97,-142,0
09:31:40,99.98,-93,0
09:31:40,99.99,-90,0
09:31:40,100.00,-43,0
09:31:40,100.01,0,0
09:31:40,100.02,51,134
09:31:40,100.03,86,0
09:31:40,100.04,73,0
09:31:40,100.05,70,0
09:31:40,100.06,111,0
09:31:40,100.07,140,0
09:31:40,100.08,152,0
09:31:40,100.09,153,0
09:31:40,100.10,193,0
09:31:40,100.11,209,0
09:31:40,100.12,186,0
09:31:40,100.13,182,0
09:31:40,100.14,208,0
09:31:40,100.15,209,0
09:31:40,100.16,968,0
09:31:40,100.17,213,0
09:31:40,100.18,187,0
09:31:40,100.19,262,0
09:31:40,100.20,236,0
09:31:40,100.21,251,0
09:31:40,100.22,228,0
09:31:40,100.23,242,0
09:31:40,100.24,230,0
09:31:40,100.25,249,0
09:31:40,100.26,214,0
09:31:40,100.27,236,0
09:31:40,100.28,253,0
09:31:40,100.29,239,0
09:31:40,100.30,221,0
09:31:42,99.70,-242,0
09:31:42,99.71,-213,0
09:31:42,99.72,-240,0
09:31:42,99.73,-244,0
09:31:42,99.74,-232,0
09:31:42,99.75,-243,0
09:31:42,99.76,-223,0
09:31:42,99.77,-261,0
09:31:42,99.78,-229,0
09:31:42,99.79,-246,0
09:31:42,99.80,-235,0
09:31:42,99.81,-254,0
09:31:42,99.82,-247,0
09:31:42,99.83,-224,0
09:31:42,99.84,-240,0
09:31:42,99.85,-905,0
09:31:42,99.86,-181,0
09:31:42,99.87,-245,0
09:31:42,99.88,-207,0
09:31:42,99.89,-173,0
09:31:42,99.90,-200,0
09:31:42,99.91,-222,0
09:31:42,99.92,-195,0
09:31:42,99.93,-224,0
09:31:42,99.94,-173,0
09:31:42,99.95,-203,0
09:31:42,99.96,-117,0
09:31:42,99.97,-142,0
09:31:42,99.98,-124,0
09:31:42,99.99,-85,0
09:31:42,100.00,-60,0
09:31:42,100.01,-10,80
09:31:42,100.02,0,0
09:31:42,100.03,79,0
09:31:42,100.04,45,0
09:31:42,100.05,102,0
09:31:42,100.06,127,0
09:31:42,100.07,111,0
09:31:42,100.08,178,0
09:31:42,100.09,147,0
09:31:42,100.10,153,0
09:31:42,100.11,164,0
09:31:42,100.12,206,0
09:31:42,100.13,192,0
09:31:42,100.14,176,0
09:31:42,100.15,229,0
09:31:42,100.16,797,0
09:31:42,100.17,238,0
09:31:42,100.18,224,0
09:31:42,100.19,205,0
09:31:42,100.20,231,0
09:31:42,100.21,258,0
09:31:42,100.22,230,0
09:31:42,100.23,222,0
09:31:42,100.24,238,0
09:31:42,100.25,259,0
09:31:42,100.26,210,0
09:31:42,100.27,244,0
09:31:42,100.28,242,0
09:31:42,100.29,226,0
09:31:42,100.30,242,0
09:31:44,99.70,-261,0
09:31:44,99.71,-248,0
09:31:44,99.72,-226,0
09:31:44,99.73,-214,0
09:31:44,99.74,-253,0
09:31:44,99.75,-230,0
09:31:44,99.76,-251,0
09:31:44,99.77,-219,0
09:31:44,99.78,-226,0
09:31:44,99.79,-233,0
09:31:44,99.80,-236,0
09:31:44,99.81,-214,0
09:31:44,99.82,-220,0
09:31:44,99.83,-249,0
09:31:44,99.84,-236,0
09:31:44,99.85,-966,0
09:31:44,99.86,-225,0
09:31:44,99.87,-198,0
09:31:44,99.88,-206,0
09:31:44,99.89,-225,0
09:31:44,99.90,-199,0
09:31:44,99.91,-176,0
09:31:44,99.92,-171,0
09:31:44,99.93,-213,0
09:31:44,99.94,-183,0
09:31:44,99.95,-153,0
09:31:44,99.96,-110,0
09:31:44,99.97,-110,0
09:31:44,99.98,-111,0
09:31:44,99.99,-87,0
09:31:44,100.00,-23,0
09:31:44,100.01,0,0
09:31:44,100.02,75,306
09:31:44,100.03,75,0
09:31:44,100.04,114,0
09:31:44,100.05,139,0
09:31:44,100.06,106,0
09:31:44,100.07,132,0
09:31:44,100.08,172,0
09:31:44,100.09,196,0
09:31:44,100.10,156,0
09:31:44,100.11,203,0
09:31:44,100.12,188,0
09:31:44,100.13,196,0
09:31:44,100.14,230,0
09:31:44,100.15,220,0
09:31:44,100.16,898,0
09:31:44,100.17,234,0
09:31:44,100.18,252,0
09:31:44,100.19,250,0
09:31:44,100.20,246,0
09:31:44,100.21,245,0
09:31:44,100.22,227,0
09:31:44,100.23,206,0
09:31:44,100.24,218,0
09:31:44,100.25,210,0
09:31:44,100.26,224,0
09:31:44,100.27,259,0
09:31:44,100.28,236,0
09:31:44,100.29,237,0
09:31:44,100.30,242,0
09:31:46,99.70,-213,0
09:31:46,99.71,-258,0
09:31:46,99.72,-252,0
09:31:46,99.73,-246,0
09:31:46,99.74,-277,0
09:31:46,99.75,-246,0
09:31:46,99.76,-224,0
09:31:46,99.77,-258,0
09:31:46,99.78,-234,0
09:31:46,99.79,-235,0
09:31:46,99.80,-259,0
09:31:46,99.81,-201,0
09:31:46,99.82,-234,0
09:31:46,99.83,-190,0
09:31:46,99.84,-219,0
09:31:46,99.85,-976,0
09:31:46,99.86,-191,0
09:31:46,99.87,-204,0
09:31:46,99.88,-230,0
09:31:46,99.89,-203,0
09:31:46,99.90,-183,0
09:31:46,99.91,-190,0
09:31:46,99.92,-188,0
09:31:46,99.93,-175,0
09:31:46,99.94,-137,0
09:31:46,99.95,-169,0
09:31:46,99.96,-155,0
09:31:46,99.97,-111,0
09:31:46,99.98,-106,0
09:31:46,99.99,-80,0
09:31:46,100.00,-78,0
09:31:46,100.01,-61,0
09:31:46,100.02,0,0
09:31:46,100.03,51,0
09:31:46,100.04,80,0
09:31:46,100.05,85,0
09:31:46,100.06,81,0
09:31:46,100.07,146,0
09:31:46,100.08,135,0
09:31:46,100.09,143,0
09:31:46,100.10,141,0
09:31:46,100.11,172,0
09:31:46,100.12,169,0
09:31:46,100.13,216,0
09:31:46,100.14,215,0
09:31:46,100.15,249,0
09:31:46,100.16,873,0
09:31:46,100.17,181,0
09:31:46,100.18,227,0
09:31:46,100.19,202,0
09:31:46,100.20,244,0
09:31:46,100.21,223,0
09:31:46,100.22,234,0
09:31:46,100.23,214,0
09:31:46,100.24,220,0
09:31:46,100.25,243,0
09:31:46,100.26,232,0
09:31:46,100.27,229,0
09:31:46,100.28,257,0
09:31:46,100.29,241,0
09:31:46,100.30,216,0
09:31:48,99.70,-257,0
09:31:48,99.71,-244,0
09:31:48,99.72,-271,0
09:31:48,99.73,-252,0
09:31:48,99.74,-229,0
09:31:48,99.75,-228,0
09:31:48,99.76,-213,0
09:31:48,99.77,-245,0
09:31:48,99.78,-235,0
09:31:48,99.79,-234,0
09:31:48,99.80,-225,0
09:31:48,99.81,-245,0
09:31:48,99.82,-211,0
09:31:48,99.83,-247,0
09:31:48,99.84,-203,0
09:31:48,99.85,-1134,0
09:31:48,99.86,-217,0
09:31:48,99.87,-258,0
09:31:48,99.88,-219,0
09:31:48,99.89,-217,0
09:31:48,99.90,-180,0
09:31:48,99.91,-228,0
09:31:48,99.92,-194,0
09:31:48,99.93,-209,0
09:31:48,99.94,-164,0
09:31:48,99.95,-191,0
09:31:48,99.96,-120,0
09:31:48,99.97,-160,0
09:31:48,99.98,-139,0
09:31:48,99.99,-145,0
09:31:48,100.00,-81,0
09:31:48,100.01,-51,0
09:31:48,100.02,-64,269
09:31:48,100.03,0,0
09:31:48,100.04,31,0
09:31:48,100.05,73,0
09:31:48,100.06,86,0
09:31:48,100.07,93,0
09:31:48,100.08,144,0
09:31:48,100.09,148,0
09:31:48,100.10,156,0
09:31:48,100.11,170,0
09:31:48,100.12,184,0
09:31:48,100.13,187,0
09:31:48,100.14,220,0
09:31:48,100.15,209,0
09:31:48,100.16,869,0
09:31:48,100.17,216,0
09:31:48,100.18,207,0
09:31:48,100.19,246,0
09:31:48,100.20,212,0
09:31:48,100.21,234,0
09:31:48,100.22,212,0
09:31:48,100.23,244,0
09:31:48,100.24,241,0
09:31:48,100.25,240,0
09:31:48,100.26,232,0
09:31:48,100.27,261,0
09:31:48,100.28,228,0
09:31:48,100.29,244,0
09:31:48,100.30,235,0
09:31:50,99.70,-222,0
09:31:50,99.71,-238,0
09:31:50,99.72,-239,0
09:31:50,99.73,-227,0
09:31:50,99.74,-244,0
09:31:50,99.75,-219,0
09:31:50,99.76,-272,0
09:31:50,99.77,-236,0
09:31:50,99.78,-217,0
09:31:50,99.79,-226,0
09:31:50,99.80,-257,0
09:31:50,99.81,-242,0
09:31:50,99.82,-243,0
09:31:50,99.83,-248,0
09:31:50,99.84,-237,0
09:31:50,99.85,-1150,0
09:31:50,99.86,-220,0
09:31:50,99.87,-221,0
09:31:50,99.88,-253,0
09:31:50,99.89,-226,0
09:31:50,99.90,-185,0
09:31:50,99.91,-193,0
09:31:50,99.92,-207,0
09:31:50,99.93,-155,0
09:31:50,99.94,-178,0
09:31:50,99.95,-158,0
09:31:50,99.96,-135,0
09:31:50,99.97,-127,0
09:31:50,99.98,-116,0
09:31:50,99.99,-90,0
09:31:50,100.00,-88,0
09:31:50,100.01,-66,0
09:31:50,100.02,-20,0
09:31:50,100.03,0,0
09:31:50,100.04,42,0
09:31:50,100.05,67,0
09:31:50,100.06,85,0
09:31:50,100.07,113,0
09:31:50,100.08,122,0
09:31:50,100.09,186,0
09:31:50,100.10,150,0
09:31:50,100.11,166,0
09:31:50,100.12,186,0
09:31:50,100.13,208,0
09:31:50,100.14,177,0
09:31:50,100.15,226,0
09:31:50,100.16,839,0
09:31:50,100.17,189,0
09:31:50,100.18,230,0
09:31:50,100.19,218,0
09:31:50,100.20,215,0
09:31:50,100.21,210,0
09:31:50,100.22,201,0
09:31:50,100.23,201,0
09:31:50,100.24,227,0
09:31:50,100.25,203,0
09:31:50,100.26,218,0
09:31:50,100.27,208,0
09:31:50,100.28,261,0
09:31:50,100.29,236,0
09:31:50,100.30,235,0
09:31:52,99.70,-210,0
09:31:52,99.71,-243,0
09:31:52,99.72,-243,0
09:31:52,99.73,-227,0
09:31:52,99.74,-233,0
09:31:52,99.75,-257,0
09:31:52,99.76,-260,0
09:31:52,99.77,-241,0
09:31:52,99.78,-281,0
09:31:52,99.79,-258,0
09:31:52,99.80,-182,0
09:31:52,99.81,-205,0
09:31:52,99.82,-239,0
09:31:52,99.83,-239,0
09:31:52,99.84,-242,0
09:31:52,99.85,-971,0
09:31:52,99.86,-198,0
09:31:52,99.87,-204,0
09:31:52,99.88,-221,0
09:31:52,99.89,-228,0
09:31:52,99.90,-217,0
09:31:52,99.91,-201,0
09:31:52,99.92,-221,0
09:31:52,99.93,-184,0
09:31:52,99.94,-206,0
09:31:52,99.95,-136,0
09:31:52,99.96,-184,0
09:31:52,99.97,-134,0
09:31:52,99.98,-163,0
09:31:52,99.99,-141,0
09:31:52,100.00,-127,0
09:31:52,100.01,-109,0
09:31:52,100.02,-67,0
09:31:52,100.03,-56,0
09:31:52,100.04,0,0
09:31:52,100.05,38,0
09:31:52,100.06,65,0
09:31:52,100.07,92,0
09:31:52,100.08,95,0
09:31:52,100.09,165,0
09:31:52,100.10,104,0
09:31:52,100.11,179,0
09:31:52,100.12,147,0
09:31:52,100.13,171,0
09:31:52,100.14,185,0
09:31:52,100.15,170,0
09:31:52,100.16,717,0
09:31:52,100.17,237,0
09:31:52,100.18,207,0
09:31:52,100.19,250,0
09:31:52,100.20,184,0
09:31:52,100.21,223,0
09:31:52,100.22,223,0
09:31:52,100.23,260,0
09:31:52,100.24,244,0
09:31:52,100.25,214,0
09:31:52,100.26,224,0
09:31:52,100.27,252,0
09:31:52,100.28,230,0
09:31:52,100.29,234,0
09:31:52,100.30,209,0
09:31:54,99.70,-226,0
09:31:54,99.71,-223,0
09:31:54,99.72,-246,0
09:31:54,99.73,-245,0
09:31:54,99.74,-226,0
09:31:54,99.75,-232,0
09:31:54,99.76,-230,0
09:31:54,99.77,-270,0
09:31:54,99.78,-228,0
09:31:54,99.79,-246,0
09:31:54,99.80,-250,0
09:31:54,99.81,-224,0
09:31:54,99.82,-241,0
09:31:54,99.83,-262,0
09:31:54,99.84,-217,0
09:31:54,99.85,-865,0
09:31:54,99.86,-202,0
09:31:54,99.87,-195,0
09:31:54,99.88,-220,0
09:31:54,99.89,-252,0
09:31:54,99.90,-208,0
09:31:54,99.91,-190,0
09:31:54,99.92,-162,0
09:31:54,99.93,-191,0
09:31:54,99.94,-183,0
09:31:54,99.95,-175,0
09:31:54,99.96,-147,0
09:31:54,99.97,-148,0
09:31:54,99.98,-145,0
09:31:54,99.99,-99,0
09:31:54,100.00,-92,0
09:31:54,100.01,-52,0
09:31:54,100.02,-44,0
09:31:54,100.03,0,0
09:31:54,100.04,58,28
09:31:54,100.05,98,0
09:31:54,100.06,125,0
09:31:54,100.07,138,0
09:31:54,100.08,157,0
09:31:54,100.09,131,0
09:31:54,100.10,198,0
09:31:54,100.11,179,0
09:31:54,100.12,193,0
09:31:54,100.13,135,0
09:31:54,100.14,219,0
09:31:54,100.15,176,0
09:31:54,100.16,923,0
09:31:54,100.17,226,0
09:31:54,100.18,222,0
09:31:54,100.19,248,0
09:31:54,100.20,268,0
09:31:54,100.21,206,0
09:31:54,100.22,187,0
09:31:54,100.23,245,0
09:31:54,100.24,243,0
09:31:54,100.25,246,0
09:31:54,100.26,251,0
09:31:54,100.27,226,0
09:31:54,100.28,227,0
09:31:54,100.29,223,0
09:31:54,100.30,268,0
09:31:56,99.70,-266,0
09:31:56,99.71,-196,0
09:31:56,99.72,-227,0
09:31:56,99.73,-231,0
09:31:56,99.74,-201,0
09:31:56,99.75,-261,0
09:31:56,99.76,-228,0
09:31:56,99.77,-258,0
09:31:56,99.78,-229,0
09:31:56,99.79,-234,0
09:31:56,99.80,-220,0
09:31:56,99.81,-217,0
09:31:56,99.82,-239,0
09:31:56,99.83,-238,0
09:31:56,99.84,-229,0
09:31:56,99.85,-1006,0
09:31:56,99.86,-230,0
09:31:56,99.87,-224,0
09:31:56,99.88,-242,0
09:31:56,99.89,-239,0
09:31:56,99.90,-198,0
09:31:56,99.91,-198,0
09:31:56,99.92,-183,0
09:31:56,99.93,-212,0
09:31:56,99.94,-157,0
09:31:56,99.95,-153,0
09:31:56,99.96,-158,0
09:31:56,99.97,-174,0
09:31:56,99.98,-118,0
09:31:56,99.99,-111,0
09:31:56,100.00,-107,0
09:31:56,100.01,-50,0
09:31:56,100.02,-65,0
09:31:56,100.03,0,0
09:31:56,100.04,37,0
09:31:56,100.05,64,0
09:31:56,100.06,99,0
09:31:56,100.07,145,0
09:31:56,100.08,130,0
09:31:56,100.09,124,0
09:31:56,100.10,181,0
09:31:56,100.11,132,0
09:31:56,100.12,178,0
09:31:56,100.13,197,0
09:31:56,100.14,179,0
09:31:56,100.15,176,0
09:31:56,100.16,903,0
09:31:56,100.17,222,0
09:31:56,100.18,202,0
09:31:56,100.19,216,0
09:31:56,100.20,236,0
09:31:56,100.21,235,0
09:31:56,100.22,207,0
09:31:56,100.23,234,0
09:31:56,100.24,261,0
09:31:56,100.25,202,0
09:31:56,100.26,245,0
09:31:56,100.27,236,0
09:31:56,100.28,252,0
09:31:56,100.29,214,0
09:31:56,100.30,238,0
09:31:58,99.70,-234,0
09:31:58,99.71,-260,0
09:31:58,99.72,-244,0
09:31:58,99.73,-251,0
09:31:58,99.74,-227,0
09:31:58,99.75,-255,0
09:31:58,99.76,-259,0
09:31:58,99.77,-212,0
09:31:58,99.78,-217,0
09:31:58,99.79,-238,0
09:31:58,99.80,-243,0
09:31:58,99.81,-262,0
09:31:58,99.82,-227,0
09:31:58,99.83,-246,0
09:31:58,99.84,-250,0
09:31:58,99.85,-1001,0
09:31:58,99.86,-207,0
09:31:58,99.87,-213,0
09:31:58,99.88,-200,0
09:31:58,99.89,-226,0
09:31:58,99.90,-188,0
09:31:58,99.91,-206,0
09:31:58,99.92,-193,0
09:31:58,99.93,-155,0
09:31:58,99.94,-164,0
09:31:58,99.95,-169,0
09:31:58,99.96,-186,0
09:31:58,99.97,-165,0
09:31:58,99.98,-159,0
09:31:58,99.99,-123,0
09:31:58,100.00,-95,0
09:31:58,100.01,-38,0
09:31:58,100.02,-75,0
09:31:58,100.03,0,0
09:31:58,100.04,22,0
09:31:58,100.05,99,0
09:31:58,100.06,102,0
09:31:58,100.07,139,0
09:31:58,100.08,143,0
09:31:58,100.09,146,0
09:31:58,100.10,159,0
09:31:58,100.11,146,0
09:31:58,100.12,162,0
09:31:58,100.13,190,0
09:31:58,100.14,190,0
09:31:58,100.15,213,0
09:31:58,100.16,834,0
09:31:58,100.17,205,0
09:31:58,100.18,227,0
09:31:58,100.19,242,0
09:31:58,100.20,229,0
09:31:58,100.21,211,0
09:31:58,100.22,239,0
09:31:58,100.23,220,0
09:31:58,100.24,235,0
09:31:58,100.25,261,0
09:31:58,100.26,233,0
09:31:58,100.27,257,0
09:31:58,100.28,227,0
09:31:58,100.29,249,0
09:31:58,100.30,243,0
09:32:00,99.70,-245,0
09:32:00,99.71,-249,0
09:32:00,99.72,-245,0
09:32:00,99.73,-215,0
09:32:00,99.74,-243,0
09:32:00,99.75,-237,0
09:32:00,99.76,-237,0
09:32:00,99.77,-257,0
09:32:00,99.78,-220,0
09:32:00,99.79,-221,0
09:32:00,99.80,-216,0
09:32:00,99.81,-231,0
09:32:00,99.82,-249,0
09:32:00,99.83,-233,0
09:32:00,99.84,-237,0
09:32:00,99.85,-930,0
09:32:00,99.86,-221,0
09:32:00,99.87,-190,0
09:32:00,99.88,-190,0
09:32:00,99.89,-225,0
09:32:00,99.90,-183,0
09:32:00,99.91,-196,0
09:32:00,99.92,-180,0
09:32:00,99.93,-207,0
09:32:00,99.94,-164,0
09:32:00,99.95,-173,0
09:32:00,99.96,-155,0
09:32:00,99.97,-190,0
09:32:00,99.98,-144,0
09:32:00,99.99,-109,0
09:32:00,100.00,-104,0
09:32:00,100.01,-72,0
09:32:00,100.02,-28,0
09:32:00,100.03,0,0
09:32:00,100.04,49,0
09:32:00,100.05,55,0
09:32:00,100.06,100,0
09:32:00,100.07,83,0
09:32:00,100.08,143,0
09:32:00,100.09,143,0
09:32:00,100.10,168,0
09:32:00,100.11,186,0
09:32:00,100.12,182,0
09:32:00,100.13,190,0
09:32:00,100.14,191,0
09:32:00,100.15,209,0
09:32:00,100.16,837,0
09:32:00,100.17,229,0
09:32:00,100.18,203,0
09:32:00,100.19,230,0
09:32:00,100.20,208,0
09:32:00,100.21,229,0
09:32:00,100.22,248,0
09:32:00,100.23,261,0
09:32:00,100.24,236,0
09:32:00,100.25,223,0
09:32:00,100.26,254,0
09:32:00,100.27,250,0
09:32:00,100.28,225,0
09:32:00,100.29,232,0
09:32:00,100.30,256,0
09:32:02,99.70,-211,0
09:32:02,99.71,-251,0
09:32:02,99.72,-256,0
09:32:02,99.73,-273,0
09:32:02,99.74,-213,0
09:32:02,99.75,-254,0
09:32:02,99.76,-257,0
09:32:02,99.77,-232,0
09:32:02,99.78,-229,0
09:32:02,99.79,-259,0
09:32:02,99.80,-216,0
09:32:02,99.81,-222,0
09:32:02,99.82,-217,0
09:32:02,99.83,-244,0
09:32:02,99.84,-245,0
09:32:02,99.85,-890,0
09:32:02,99.86,-211,0
09:32:02,99.87,-250,0
09:32:02,99.88,-214,0
09:32:02,99.89,-251,0
09:32:02,99.90,-209,0
09:32:02,99.91,-216,0
09:32:02,99.92,-200,0
09:32:02,99.93,-200,0
09:32:02,99.94,-159,0
09:32:02,99.95,-156,0
09:32:02,99.96,-135,0
09:32:02,99.97,-124,0
09:32:02,99.98,-107,0
09:32:02,99.99,-122,0
09:32:02,100.00,-96,0
09:32:02,100.01,-70,0
09:32:02,100.02,-40,169
09:32:02,100.03,0,0
09:32:02,100.04,57,0
09:32:02,100.05,96,0
09:32:02,100.06,84,0
09:32:02,100.07,108,0
09:32:02,100.08,148,0
09:32:02,100.09,139,0
09:32:02,100.10,166,0
09:32:02,100.11,188,0
09:32:02,100.12,185,0
09:32:02,100.13,193,0
09:32:02,100.14,186,0
09:32:02,100.15,219,0
09:32:02,100.16,959,0
09:32:02,100.17,226,0
09:32:02,100.18,211,0
09:32:02,100.19,214,0
09:32:02,100.20,206,0
09:32:02,100.21,207,0
09:32:02,100.22,187,0
09:32:02,100.23,255,0
09:32:02,100.24,242,0
09:32:02,100.25,238,0
09:32:02,100.26,217,0
09:32:02,100.27,243,0
09:32:02,100.28,219,0
09:32:02,100.29,227,0
09:32:02,100.30,241,0
09:32:04,99.70,-219,0
09:32:04,99.71,-237,0
09:32:04,99.72,-225,0
09:32:04,99.73,-277,0
09:32:04,99.74,-241,0
09:32:04,99.75,-258,0
09:32:04,99.76,-262,0
09:32:04,99.77,-211,0
09:32:04,99.78,-239,0
09:32:04,99.79,-254,0
09:32:04,99.80,-235,0
09:32:04,99.81,-233,0
09:32:04,99.82,-260,0
09:32:04,99.83,-256,0
09:32:04,99.84,-235,0
09:32:04,99.85,-1068,0
09:32:04,99.86,-205,0
09:32:04,99.87,-220,0
09:32:04,99.88,-242,0
09:32:04,99.89,-248,0
09:32:04,99.90,-210,0
09:32:04,99.91,-212,0
09:32:04,99.92,-207,0
09:32:04,99.93,-202,0
09:32:04,99.94,-170,0
09:32:04,99.95,-192,0
09:32:04,99.96,-184,0
09:32:04,99.97,-141,0
09:32:04,99.98,-158,0
09:32:04,99.99,-133,0
09:32:04,100.00,-89,0
09:32:04,100.01,-68,0
09:32:04,100.02,-44,0
09:32:04,100.03,-56,0
09:32:04,100.04,0,0
09:32:04,100.05,55,0
09:32:04,100.06,72,0
09:32:04,100.07,92,0
09:32:04,100.08,106,0
09:32:04,100.09,133,0
09:32:04,100.10,167,0
09:32:04,100.11,141,0
09:32:04,100.12,163,0
09:32:04,100.13,189,0
09:32:04,100.14,219,0
09:32:04,100.15,178,0
09:32:04,100.16,875,0
09:32:04,100.17,206,0
09:32:04,100.18,201,0
09:32:04,100.19,220,0
09:32:04,100.20,217,0
09:32:04,100.21,211,0
09:32:04,100.22,188,0
09:32:04,100.23,231,0
09:32:04,100.24,255,0
09:32:04,100.25,234,0
09:32:04,100.26,209,0
09:32:04,100.27,243,0
09:32:04,100.28,223,0
09:32:04,100.29,254,0
09:32:04,100.30,222,0
09:32:06,99.70,-248,0
09:32:06,99.71,-238,0
09:32:06,99.72,-222,0
09:32:06,99.73,-254,0
09:32:06,99.74,-225,0
09:32:06,99.75,-268,0
09:32:06,99.76,-256,0
09:32:06,99.77,-262,0
09:32:06,99.78,-281,0
09:32:06,99.79,-214,0
09:32:06,99.80,-201,0
09:32:06,99.81,-276,0
09:32:06,99.82,-217,0
09:32:06,99.83,-242,0
09:32:06,99.84,-252,0
09:32:06,99.85,-967,0
09:32:06,99.86,-256,0
09:32:06,99.87,-224,0
09:32:06,99.88,-211,0
09:32:06,99.89,-220,0
09:32:06,99.90,-188,0
09:32:06,99.91,-227,0
09:32:06,99.92,-204,0
09:32:06,99.93,-210,0
09:32:06,99.94,-181,0
09:32:06,99.95,-190,0
09:32:06,99.96,-159,0
09:32:06,99.97,-175,0
09:32:06,99.98,-150,0
09:32:06,99.99,-114,0
09:32:06,100.00,-119,0
09:32:06,100.01,-89,0
09:32:06,100.02,-50,0
09:32:06,100.03,-42,0
09:32:06,100.04,0,0
09:32:06,100.05,34,141
09:32:06,100.06,71,0
09:32:06,100.07,94,0
09:32:06,100.08,122,0
09:32:06,100.09,157,0
09:32:06,100.10,164,0
09:32:06,100.11,184,0
09:32:06,100.12,191,0
09:32:06,100.13,188,0
09:32:06,100.14,197,0
09:32:06,100.15,206,0
09:32:06,100.16,865,0
09:32:06,100.17,180,0
09:32:06,100.18,225,0
09:32:06,100.19,244,0
09:32:06,100.20,223,0
09:32:06,100.21,173,0
09:32:06,100.22,211,0
09:32:06,100.23,254,0
09:32:06,100.24,217,0
09:32:06,100.25,210,0
09:32:06,100.26,254,0
09:32:06,100.27,227,0
09:32:06,100.28,257,0
09:32:06,100.29,228,0
09:32:06,100.30,219,0
09:32:08,99.70,-250,0
09:32:08,99.71,-264,0
09:32:08,99.72,-293,0
09:32:08,99.73,-236,0
09:32:08,99.74,-235,0
09:32:08,99.75,-254,0
09:32:08,99.76,-234,0
09:32:08,99.77,-228,0
09:32:08,99.78,-232,0
09:32:08,99.79,-248,0
09:32:08,99.80,-261,0
09:32:08,99.81,-227,0
09:32:08,99.82,-240,0
09:32:08,99.83,-202,0
09:32:08,99.84,-221,0
09:32:08,99.85,-986,0
09:32:08,99.86,-235,0
09:32:08,99.87,-269,0
09:32:08,99.88,-229,0
09:32:08,99.89,-189,0
09:32:08,99.90,-198,0
09:32:08,99.91,-254,0
09:32:08,99.92,-199,0
09:32:08,99.93,-216,0
09:32:08,99.94,-239,0
09:32:08,99.95,-189,0
09:32:08,99.96,-194,0
09:32:08,99.97,-189,0
09:32:08,99.98,-149,0
09:32:08,99.99,-143,0
09:32:08,100.00,-107,0
09:32:08,100.01,-125,0
09:32:08,100.02,-93,0
09:32:08,100.03,-76,0
09:32:08,100.04,-48,0
09:32:08,100.05,0,0
09:32:08,100.06,63,0
09:32:08,100.07,44,0
09:32:08,100.08,90,0
09:32:08,100.09,76,0
09:32:08,100.10,161,0
09:32:08,100.11,115,0
09:32:08,100.12,163,0
09:32:08,100.13,190,0
09:32:08,100.14,180,0
09:32:08,100.15,188,0
09:32:08,100.16,736,0
09:32:08,100.17,191,0
09:32:08,100.18,207,0
09:32:08,100.19,202,0
09:32:08,100.20,201,0
09:32:08,100.21,207,0
09:32:08,100.22,204,0
09:32:08,100.23,251,0
09:32:08,100.24,212,0
09:32:08,100.25,206,0
09:32:08,100.26,254,0
09:32:08,100.27,216,0
09:32:08,100.28,266,0
09:32:08,100.29,248,0
09:32:08,100.30,254,0
09:32:10,99.70,-217,0
09:32:10,99.71,-235,0
09:32:10,99.72,-236,0
09:32:10,99.73,-250,0
09:32:10,99.74,-231,0
09:32:10,99.75,-236,0
09:32:10,99.76,-263,0
09:32:10,99.77,-242,0
09:32:10,99.78,-226,0
09:32:10,99.79,-237,0
09:32:10,99.80,-247,0
09:32:10,99.81,-228,0
09:32:10,99.82,-242,0
09:32:10,99.83,-255,0
09:32:10,99.84,-207,0
09:32:10,99.85,-786,0
09:32:10,99.86,-216,0
09:32:10,99.87,-207,0
09:32:10,99.88,-218,0
09:32:10,99.89,-222,0
09:32:10,99.90,-213,0
09:32:10,99.91,-211,0
09:32:10,99.92,-210,0
09:32:10,99.93,-148,0
09:32:10,99.94,-199,0
09:32:10,99.95,-172,0
09:32:10,99.96,-192,0
09:32:10,99.97,-164,0
09:32:10,99.98,-130,0
09:32:10,99.99,-153,0
09:32:10,100.00,-131,0
09:32:10,100.01,-108,0
09:32:10,100.02,-59,0
09:32:10,100.03,1,145
09:32:10,100.04,0,0
09:32:10,100.05,22,0
09:32:10,100.06,44,0
09:32:10,100.07,105,0
09:32:10,100.08,110,0
09:32:10,100.09,98,0
09:32:10,100.10,128,0
09:32:10,100.11,152,0
09:32:10,100.12,195,0
09:32:10,100.13,145,0
09:32:10,100.14,185,0
09:32:10,100.15,202,0
09:32:10,100.16,887,0
09:32:10,100.17,188,0
09:32:10,100.18,189,0
09:32:10,100.19,188,0
09:32:10,100.20,197,0
09:32:10,100.21,230,0
09:32:10,100.22,204,0
09:32:10,100.23,244,0
09:32:10,100.24,281,0
09:32:10,100.25,212,0
09:32:10,100.26,243,0
09:32:10,100.27,205,0
09:32:10,100.28,244,0
09:32:10,100.29,234,0
09:32:10,100.30,237,0
09:32:12,99.70,-243,0
09:32:12,99.71,-284,0
09:32:12,99.72,-254,0
09:32:12,99.73,-249,0
09:32:12,99.74,-238,0
09:32:12,99.75,-233,0
09:32:12,99.76,-278,0
09:32:12,99.77,-234,0
09:32:12,99.78,-219,0
09:32:12,99.79,-244,0
09:32:12,99.80,-223,0
09:32:12,99.81,-249,0
09:32:12,99.82,-235,0
09:32:12,99.83,-221,0
09:32:12,99.84,-273,0
09:32:12,99.85,-921,0
09:32:12,99.86,-235,0
09:32:12,99.87,-229,0
09:32:12,99.88,-234,0
09:32:12,99.89,-206,0
09:32:12,99.90,-221,0
09:32:12,99.91,-203,0
09:32:12,99.92,-211,0
09:32:12,99.93,-175,0
09:32:12,99.94,-172,0
09:32:12,99.95,-182,0
09:32:12,99.96,-203,0
09:32:12,99.97,-169,0
09:32:12,99.98,-109,0
09:32:12,99.99,-131,0
09:32:12,100.00,-105,0
09:32:12,100.01,-108,0
09:32:12,100.02,-106,0
09:32:12,100.03,-59,0
09:32:12,100.04,0,0
09:32:12,100.05,53,0
09:32:12,100.06,57,0
09:32:12,100.07,84,0
09:32:12,100.08,117,0
09:32:12,100.09,127,0
09:32:12,100.10,162,0
09:32:12,100.11,165,0
09:32:12,100.12,141,0
09:32:12,100.13,189,0
09:32:12,100.14,186,0
09:32:12,100.15,181,0
09:32:12,100.16,986,0
09:32:12,100.17,237,0
09:32:12,100.18,190,0
09:32:12,100.19,237,0
09:32:12,100.20,209,0
09:32:12,100.21,202,0
09:32:12,100.22,232,0
09:32:12,100.23,233,0
09:32:12,100.24,264,0
09:32:12,100.25,236,0
09:32:12,100.26,258,0
09:32:12,100.27,285,0
09:32:12,100.28,217,0
09:32:12,100.29,242,0
09:32:12,100.30,233,0
09:32:14,99.70,-255,0
09:32:14,99.71,-272,0
09:32:14,99.72,-233,0
09:32:14,99.73,-238,0
09:32:14,99.74,-252,0
09:32:14,99.75,-245,0
09:32:14,99.76,-265,0
09:32:14,99.77,-219,0
09:32:14,99.78,-248,0
09:32:14,99.79,-214,0
09:32:14,99.80,-238,0
09:32:14,99.81,-206,0
09:32:14,99.82,-203,0
09:32:14,99.83,-209,0
09:32:14,99.84,-260,0
09:32:14,99.85,-991,0
09:32:14,99.86,-213,0
09:32:14,99.87,-217,0
09:32:14,99.88,-208,0
09:32:14,99.89,-241,0
09:32:14,99.90,-226,0
09:32:14,99.91,-179,0
09:32:14,99.92,-221,0
09:32:14,99.93,-195,0
09:32:14,99.94,-191,0
09:32:14,99.95,-155,0
09:32:14,99.96,-178,0
09:32:14,99.97,-145,0
09:32:14,99.98,-158,0
09:32:14,99.99,-159,0
09:32:14,100.00,-93,0
09:32:14,100.01,-83,0
09:32:14,100.02,-94,0
09:32:14,100.03,-39,0
09:32:14,100.04,0,0
09:32:14,100.05,38,0
09:32:14,100.06,63,0
09:32:14,100.07,108,0
09:32:14,100.08,105,0
09:32:14,100.09,138,0
09:32:14,100.10,164,0
09:32:14,100.11,187,0
09:32:14,100.12,182,0
09:32:14,100.13,169,0
09:32:14,100.14,189,0
09:32:14,100.15,215,0
09:32:14,100.16,852,0
09:32:14,100.17,221,0
09:32:14,100.18,206,0
09:32:14,100.19,209,0
09:32:14,100.20,221,0
09:32:14,100.21,227,0
09:32:14,100.22,244,0
09:32:14,100.23,246,0
09:32:14,100.24,212,0
09:32:14,100.25,232,0
09:32:14,100.26,227,0
09:32:14,100.27,236,0
09:32:14,100.28,248,0
09:32:14,100.29,220,0
09:32:14,100.30,232,0
09:32:16,99.70,-193,0
09:32:16,99.71,-260,0
09:32:16,99.72,-232,0
09:32:16,99.73,-258,0
09:32:16,99.74,-221,0
09:32:16,99.75,-241,0
09:32:16,99.76,-235,0
09:32:16,99.77,-248,0
09:32:16,99.78,-244,0
09:32:16,99.79,-280,0
09:32:16,99.80,-234,0
09:32:16,99.81,-220,0
09:32:16,99.82,-243,0
09:32:16,99.83,-238,0
09:32:16,99.84,-245,0
09:32:16,99.85,-952,0
09:32:16,99.86,-208,0
09:32:16,99.87,-219,0
09:32:16,99.88,-207,0
09:32:16,99.89,-209,0
09:32:16,99.90,-215,0
09:32:16,99.91,-190,0
09:32:16,99.92,-221,0
09:32:16,99.93,-218,0
09:32:16,99.94,-186,0
09:32:16,99.95,-175,0
09:32:16,99.96,-171,0
09:32:16,99.97,-189,0
09:32:16,99.98,-146,0
09:32:16,99.99,-165,0
09:32:16,100.00,-105,0
09:32:16,100.01,-113,0
09:32:16,100.02,-99,0
09:32:16,100.03,-53,0
09:32:16,100.04,-35,0
09:32:16,100.05,0,0
09:32:16,100.06,80,0
09:32:16,100.07,108,0
09:32:16,100.08,95,0
09:32:16,100.09,129,0
09:32:16,100.10,128,0
09:32:16,100.11,134,0
09:32:16,100.12,124,0
09:32:16,100.13,180,0
09:32:16,100.14,177,0
09:32:16,100.15,212,0
09:32:16,100.16,776,0
09:32:16,100.17,195,0
09:32:16,100.18,222,0
09:32:16,100.19,208,0
09:32:16,100.20,216,0
09:32:16,100.21,256,0
09:32:16,100.22,227,0
09:32:16,100.23,202,0
09:32:16,100.24,258,0
09:32:16,100.25,231,0
09:32:16,100.26,198,0
09:32:16,100.27,249,0
09:32:16,100.28,243,0
09:32:16,100.29,232,0
09:32:16,100.30,247,0
09:32:18,99.70,-234,0
09:32:18,99.71,-247,0
09:32:18,99.72,-258,0
09:32:18,99.73,-255,0
09:32:18,99.74,-239,0
09:32:18,99.75,-241,0
09:32:18,99.76,-261,0
09:32:18,99.77,-234,0
09:32:18,99.78,-253,0
09:32:18,99.79,-213,0
09:32:18,99.80,-256,0
09:32:18,99.81,-255,0
09:32:18,99.82,-223,0
09:32:18,99.83,-241,0
09:32:18,99.84,-254,0
09:32:18,99.85,-1015,0
09:32:18,99.86,-223,0
09:32:18,99.87,-215,0
09:32:18,99.88,-212,0
09:32:18,99.89,-251,0
09:32:18,99.90,-234,0
09:32:18,99.91,-211,0
09:32:18,99.92,-225,0
09:32:18,99.93,-223,0
09:32:18,99.94,-205,0
09:32:18,99.95,-212,0
09:32:18,99.96,-167,0
09:32:18,99.97,-186,0
09:32:18,99.98,-153,0
09:32:18,99.99,-145,0
09:32:18,100.00,-121,0
09:32:18,100.01,-123,0
09:32:18,100.02,-100,0
09:32:18,100.03,-92,0
09:32:18,100.04,-33,0
09:32:18,100.05,0,0
09:32:18,100.06,64,0
09:32:18,100.07,79,0
09:32:18,100.08,80,0
09:32:18,100.09,115,0
09:32:18,100.10,127,0
09:32:18,100.11,127,0
09:32:18,100.12,164,0
09:32:18,100.13,145,0
09:32:18,100.14,172,0
09:32:18,100.15,204,0
09:32:18,100.16,819,0
09:32:18,100.17,187,0
09:32:18,100.18,220,0
09:32:18,100.19,217,0
09:32:18,100.20,215,0
09:32:18,100.21,262,0
09:32:18,100.22,213,0
09:32:18,100.23,268,0
09:32:18,100.24,237,0
09:32:18,100.25,249,0
09:32:18,100.26,241,0
09:32:18,100.27,221,0
09:32:18,100.28,253,0
09:32:18,100.29,238,0
09:32:18,100.30,246,0
09:32:20,99.70,-241,0
09:32:20,99.71,-229,0
09:32:20,99.72,-218,0
09:32:20,99.73,-240,0
09:32:20,99.74,-244,0
09:32:20,99.75,-211,0
09:32:20,99.76,-238,0
09:32:20,99.77,-252,0
09:32:20,99.78,-210,0
09:32:20,99.79,-245,0
09:32:20,99.80,-273,0
09:32:20,99.81,-228,0
09:32:20,99.82,-218,0
09:32:20,99.83,-242,0
09:32:20,99.84,-222,0
09:32:20,99.85,-939,0
09:32:20,99.86,-216,0
09:32:20,99.87,-217,0
09:32:20,99.88,-230,0
09:32:20,99.89,-212,0
09:32:20,99.90,-214,0
09:32:20,99.91,-220,0
09:32:20,99.92,-207,0
09:32:20,99.93,-208,0
09:32:20,99.94,-193,0
09:32:20,99.95,-187,0
09:32:20,99.96,-164,0
09:32:20,99.97,-178,0
09:32:20,99.98,-141,0
09:32:20,99.99,-152,0
09:32:20,100.00,-133,0
09:32:20,100.01,-96,0
09:32:20,100.02,-88,0
09:32:20,100.03,-91,0
09:32:20,100.04,-59,0
09:32:20,100.05,0,0
09:32:20,100.06,59,0
09:32:20,100.07,68,0
09:32:20,100.08,97,0
09:32:20,100.09,82,0
09:32:20,100.10,173,0
09:32:20,100.11,181,0
09:32:20,100.12,186,0
09:32:20,100.13,180,0
09:32:20,100.14,165,0
09:32:20,100.15,180,0
09:32:20,100.16,787,0
09:32:20,100.17,189,0
09:32:20,100.18,181,0
09:32:20,100.19,191,0
09:32:20,100.20,222,0
09:32:20,100.21,241,0
09:32:20,100.22,220,0
09:32:20,100.23,223,0
09:32:20,100.24,232,0
09:32:20,100.25,235,0
09:32:20,100.26,238,0
09:32:20,100.27,230,0
09:32:20,100.28,227,0
09:32:20,100.29,217,0
09:32:20,100.30,232,0
09:32:22,99.70,-267,0
09:32:22,99.71,-278,0
09:32:22,99.72,-237,0
09:32:22,99.73,-257,0
09:32:22,99.74,-249,0
09:32:22,99.75,-243,0
09:32:22,99.76,-224,0
09:32:22,99.77,-220,0
09:32:22,99.78,-251,0
09:32:22,99.79,-263,0
09:32:22,99.80,-246,0
09:32:22,99.81,-250,0
09:32:22,99.82,-248,0
09:32:22,99.83,-206,0
09:32:22,99.84,-238,0
09:32:22,99.85,-840,0
09:32:22,99.86,-229,0
09:32:22,99.87,-251,0
09:32:22,99.88,-205,0
09:32:22,99.89,-260,0
09:32:22,99.90,-223,0
09:32:22,99.91,-202,0
09:32:22,99.92,-229,0
09:32:22,99.93,-202,0
09:32:22,99.94,-222,0
09:32:22,99.95,-219,0
09:32:22,99.96,-184,0
09:32:22,99.97,-169,0
09:32:22,99.98,-155,0
09:32:22,99.99,-171,0
09:32:22,100.00,-164,0
09:32:22,100.01,-92,0
09:32:22,100.02,-98,0
09:32:22,100.03,-34,0
09:32:22,100.04,-36,0
09:32:22,100.05,0,0
09:32:22,100.06,61,27
09:32:22,100.07,57,0
09:32:22,100.08,114,0
09:32:22,100.09,123,0
09:32:22,100.10,143,0
09:32:22,100.11,102,0
09:32:22,100.12,155,0
09:32:22,100.13,163,0
09:32:22,100.14,182,0
09:32:22,100.15,190,0
09:32:22,100.16,774,0
09:32:22,100.17,211,0
09:32:22,100.18,203,0
09:32:22,100.19,226,0
09:32:22,100.20,192,0
09:32:22,100.21,201,0
09:32:22,100.22,213,0
09:32:22,100.23,243,0
09:32:22,100.24,210,0
09:32:22,100.25,225,0
09:32:22,100.26,233,0
09:32:22,100.27,234,0
09:32:22,100.28,254,0
09:32:22,100.29,271,0
09:32:22,100.30,232,0
09:32:24,99.70,-253,0
09:32:24,99.71,-240,0
09:32:24,99.72,-266,0
09:32:24,99.73,-291,0
09:32:24,99.74,-204,0
09:32:24,99.75,-253,0
09:32:24,99.76,-269,0
09:32:24,99.77,-258,0
09:32:24,99.78,-217,0
09:32:24,99.79,-246,0
09:32:24,99.80,-251,0
09:32:24,99.81,-227,0
09:32:24,99.82,-258,0
09:32:24,99.83,-226,0
09:32:24,99.84,-218,0
09:32:24,99.85,-861,0
09:32:24,99.86,-234,0
09:32:24,99.87,-214,0
09:32:24,99.88,-249,0
09:32:24,99.89,-198,0
09:32:24,99.90,-212,0
09:32:24,99.91,-197,0
09:32:24,99.92,-219,0
09:32:24,99.93,-196,0
09:32:24,99.94,-202,0
09:32:24,99.95,-174,0
09:32:24,99.96,-163,0
09:32:24,99.97,-168,0
09:32:24,99.98,-140,0
09:32:24,99.99,-120,0
09:32:24,100.00,-120,0
09:32:24,100.01,-82,0
09:32:24,100.02,-90,0
09:32:24,100.03,-27,0
09:32:24,100.04,0,0
09:32:24,100.05,23,0
09:32:24,100.06,54,0
09:32:24,100.07,70,0
09:32:24,100.08,93,0
09:32:24,100.09,112,0
09:32:24,100.10,153,0
09:32:24,100.11,161,0
09:32:24,100.12,145,0
09:32:24,100.13,202,0
09:32:24,100.14,157,0
09:32:24,100.15,199,0
09:32:24,100.16,865,0
09:32:24,100.17,215,0
09:32:24,100.18,208,0
09:32:24,100.19,205,0
09:32:24,100.20,232,0
09:32:24,100.21,202,0
09:32:24,100.22,241,0
09:32:24,100.23,206,0
09:32:24,100.24,229,0
09:32:24,100.25,197,0
09:32:24,100.26,216,0
09:32:24,100.27,208,0
09:32:24,100.28,251,0
09:32:24,100.29,243,0
09:32:24,100.30,256,0
09:32:26,99.70,-209,0
09:32:26,99.71,-249,0
09:32:26,99.72,-236,0
09:32:26,99.73,-214,0
09:32:26,99.74,-295,0
09:32:26,99.75,-252,0
09:32:26,99.76,-272,0
09:32:26,99.77,-204,0
09:32:26,99.78,-248,0
09:32:26,99.79,-268,0
09:32:26,99.80,-227,0
09:32:26,99.81,-207,0
09:32:26,99.82,-249,0
09:32:26,99.83,-236,0
09:32:26,99.84,-237,0
09:32:26,99.85,-941,0
09:32:26,99.86,-205,0
09:32:26,99.87,-230,0
09:32:26,99.88,-212,0
09:32:26,99.89,-264,0
09:32:26,99.90,-218,0
09:32:26,99.91,-197,0
09:32:26,99.92,-223,0
09:32:26,99.93,-185,0
09:32:26,99.94,-236,0
09:32:26,99.95,-174,0
09:32:26,99.96,-192,0
09:32:26,99.97,-162,0
09:32:26,99.98,-132,0
09:32:26,99.99,-112,0
09:32:26,100.00,-151,0
09:32:26,100.01,-84,0
09:32:26,100.02,-89,0
09:32:26,100.03,-46,0
09:32:26,100.04,0,0
09:32:26,100.05,39,22
09:32:26,100.06,101,0
09:32:26,100.07,88,0
09:32:26,100.08,76,0
09:32:26,100.09,132,0
09:32:26,100.10,162,0
09:32:26,100.11,201,0
09:32:26,100.12,154,0
09:32:26,100.13,200,0
09:32:26,100.14,182,0
09:32:26,100.15,197,0
09:32:26,100.16,999,0
09:32:26,100.17,214,0
09:32:26,100.18,217,0
09:32:26,100.19,226,0
09:32:26,100.20,219,0
09:32:26,100.21,226,0
09:32:26,100.22,205,0
09:32:26,100.23,206,0
09:32:26,100.24,206,0
09:32:26,100.25,207,0
09:32:26,100.26,193,0
09:32:26,100.27,294,0
09:32:26,100.28,206,0
09:32:26,100.29,247,0
09:32:26,100.30,275,0
09:32:28,99.70,-250,0
09:32:28,99.71,-220,0
09:32:28,99.72,-230,0
09:32:28,99.73,-241,0
09:32:28,99.74,-217,0
09:32:28,99.75,-218,0
09:32:28,99.76,-222,0
09:32:28,99.77,-235,0
09:32:28,99.78,-254,0
09:32:28,99.79,-242,0
09:32:28,99.80,-241,0
09:32:28,99.81,-255,0
09:32:28,99.82,-258,0
09:32:28,99.83,-229,0
09:32:28,99.84,-279,0
09:32:28,99.85,-1011,0
09:32:28,99.86,-248,0
09:32:28,99.87,-188,0
09:32:28,99.88,-241,0
09:32:28,99.89,-203,0
09:32:28,99.90,-194,0
09:32:28,99.91,-226,0
09:32:28,99.92,-227,0
09:32:28,99.93,-210,0
09:32:28,99.94,-232,0
09:32:28,99.95,-152,0
09:32:28,99.96,-183,0
09:32:28,99.97,-168,0
09:32:28,99.98,-175,0
09:32:28,99.99,-148,0
09:32:28,100.00,-159,0
09:32:28,100.01,-102,0
09:32:28,100.02,-107,0
09:32:28,100.03,-48,0
09:32:28,100.04,-62,0
09:32:28,100.05,0,0
09:32:28,100.06,43,229
09:32:28,100.07,58,0
09:32:28,100.08,80,0
09:32:28,100.09,94,0
09:32:28,100.10,127,0
09:32:28,100.11,165,0
09:32:28,100.12,142,0
09:32:28,100.13,207,0
09:32:28,100.14,191,0
09:32:28,100.15,173,0
09:32:28,100.16,845,0
09:32:28,100.17,224,0
09:32:28,100.18,225,0
09:32:28,100.19,197,0
